%YAML 1.1
%TAG !u! tag:unity3d.com,2011:
--- !u!65 &6140289185404627112
BoxCollider:
  m_ObjectHideFlags: 0
  m_CorrespondingSourceObject: {fileID: 0}
  m_PrefabInstance: {fileID: 0}
  m_PrefabAsset: {fileID: 0}
  m_GameObject: {fileID: 5143601575674230764}
  m_Material: {fileID: 0}
  m_IsTrigger: 1
  m_Enabled: 1
  serializedVersion: 2
  m_Size: {x: 0.22458148, y: 0.23693585, z: 0.23272038}
  m_Center: {x: -0.004214227, y: 0.094856024, z: 0.008431673}
--- !u!114 &5855292970967205780
MonoBehaviour:
  m_ObjectHideFlags: 0
  m_CorrespondingSourceObject: {fileID: 0}
  m_PrefabInstance: {fileID: 0}
  m_PrefabAsset: {fileID: 0}
  m_GameObject: {fileID: 5143601575674230764}
  m_Enabled: 1
  m_EditorHideFlags: 0
  m_Script: {fileID: 11500000, guid: 21db0ca302b6d494a8b2b5cd4a0430df, type: 3}
  m_Name: 
  m_EditorClassIdentifier: 
  Leg: {fileID: 7676238085153568220}
  Arm: {fileID: 2891296487785817839}
  arrow: {fileID: 6590718731037757229}
--- !u!1001 &119183319222175091
PrefabInstance:
  m_ObjectHideFlags: 0
  serializedVersion: 2
  m_Modification:
    m_TransformParent: {fileID: 136590275848285834}
    m_Modifications:
    - target: {fileID: 5297579273503880911, guid: a3a57e58823ad2f439be67ba587fdbe2,
        type: 3}
      propertyPath: arrow
      value: 
      objectReference: {fileID: 6590718731037757229}
    - target: {fileID: 5564603908053773936, guid: a3a57e58823ad2f439be67ba587fdbe2,
        type: 3}
      propertyPath: m_LocalPosition.x
      value: -0
      objectReference: {fileID: 0}
    - target: {fileID: 5564603908053773936, guid: a3a57e58823ad2f439be67ba587fdbe2,
        type: 3}
      propertyPath: m_LocalPosition.y
      value: 0
      objectReference: {fileID: 0}
    - target: {fileID: 5564603908053773936, guid: a3a57e58823ad2f439be67ba587fdbe2,
        type: 3}
      propertyPath: m_LocalPosition.z
      value: 0
      objectReference: {fileID: 0}
    - target: {fileID: 5564603908053773936, guid: a3a57e58823ad2f439be67ba587fdbe2,
        type: 3}
      propertyPath: m_LocalRotation.x
      value: 0
      objectReference: {fileID: 0}
    - target: {fileID: 5564603908053773936, guid: a3a57e58823ad2f439be67ba587fdbe2,
        type: 3}
      propertyPath: m_LocalRotation.y
      value: -0
      objectReference: {fileID: 0}
    - target: {fileID: 5564603908053773936, guid: a3a57e58823ad2f439be67ba587fdbe2,
        type: 3}
      propertyPath: m_LocalRotation.z
      value: -0
      objectReference: {fileID: 0}
    - target: {fileID: 5564603908053773936, guid: a3a57e58823ad2f439be67ba587fdbe2,
        type: 3}
      propertyPath: m_LocalRotation.w
      value: 1
      objectReference: {fileID: 0}
    - target: {fileID: 5564603908053773936, guid: a3a57e58823ad2f439be67ba587fdbe2,
        type: 3}
      propertyPath: m_RootOrder
      value: 1
      objectReference: {fileID: 0}
    - target: {fileID: 5564603908053773936, guid: a3a57e58823ad2f439be67ba587fdbe2,
        type: 3}
      propertyPath: m_LocalEulerAnglesHint.x
      value: 0
      objectReference: {fileID: 0}
    - target: {fileID: 5564603908053773936, guid: a3a57e58823ad2f439be67ba587fdbe2,
        type: 3}
      propertyPath: m_LocalEulerAnglesHint.y
      value: 0
      objectReference: {fileID: 0}
    - target: {fileID: 5564603908053773936, guid: a3a57e58823ad2f439be67ba587fdbe2,
        type: 3}
      propertyPath: m_LocalEulerAnglesHint.z
      value: 0
      objectReference: {fileID: 0}
    - target: {fileID: 8890712721429716067, guid: a3a57e58823ad2f439be67ba587fdbe2,
        type: 3}
      propertyPath: m_Name
      value: nest
      objectReference: {fileID: 0}
    m_RemovedComponents: []
  m_SourcePrefab: {fileID: 100100000, guid: a3a57e58823ad2f439be67ba587fdbe2, type: 3}
--- !u!114 &2891296487785817839 stripped
MonoBehaviour:
  m_CorrespondingSourceObject: {fileID: 3006326812665783196, guid: a3a57e58823ad2f439be67ba587fdbe2,
    type: 3}
  m_PrefabInstance: {fileID: 119183319222175091}
  m_PrefabAsset: {fileID: 0}
  m_GameObject: {fileID: 0}
  m_Enabled: 1
  m_EditorHideFlags: 0
  m_Script: {fileID: 11500000, guid: 7603b585725b1c745bc759ba945bdfe0, type: 3}
  m_Name: 
  m_EditorClassIdentifier: 
--- !u!114 &7676238085153568220 stripped
MonoBehaviour:
  m_CorrespondingSourceObject: {fileID: 7719193155354292399, guid: a3a57e58823ad2f439be67ba587fdbe2,
    type: 3}
  m_PrefabInstance: {fileID: 119183319222175091}
  m_PrefabAsset: {fileID: 0}
  m_GameObject: {fileID: 0}
  m_Enabled: 1
  m_EditorHideFlags: 0
  m_Script: {fileID: 11500000, guid: 7603b585725b1c745bc759ba945bdfe0, type: 3}
  m_Name: 
  m_EditorClassIdentifier: 
--- !u!1001 &3149822272015686792
PrefabInstance:
  m_ObjectHideFlags: 0
  serializedVersion: 2
  m_Modification:
    m_TransformParent: {fileID: 0}
    m_Modifications:
    - target: {fileID: 3049832547911365122, guid: efe52a958c900084c9cbdde758ac5857,
        type: 3}
      propertyPath: m_LocalPosition.x
      value: 0
      objectReference: {fileID: 0}
    - target: {fileID: 3049832547911365122, guid: efe52a958c900084c9cbdde758ac5857,
        type: 3}
      propertyPath: m_LocalPosition.y
      value: 0
      objectReference: {fileID: 0}
    - target: {fileID: 3049832547911365122, guid: efe52a958c900084c9cbdde758ac5857,
        type: 3}
      propertyPath: m_LocalPosition.z
      value: 0
      objectReference: {fileID: 0}
    - target: {fileID: 3049832547911365122, guid: efe52a958c900084c9cbdde758ac5857,
        type: 3}
      propertyPath: m_LocalRotation.x
      value: 0
      objectReference: {fileID: 0}
    - target: {fileID: 3049832547911365122, guid: efe52a958c900084c9cbdde758ac5857,
        type: 3}
      propertyPath: m_LocalRotation.y
      value: 0
      objectReference: {fileID: 0}
    - target: {fileID: 3049832547911365122, guid: efe52a958c900084c9cbdde758ac5857,
        type: 3}
      propertyPath: m_LocalRotation.z
      value: 0
      objectReference: {fileID: 0}
    - target: {fileID: 3049832547911365122, guid: efe52a958c900084c9cbdde758ac5857,
        type: 3}
      propertyPath: m_LocalRotation.w
      value: 1
      objectReference: {fileID: 0}
    - target: {fileID: 3049832547911365122, guid: efe52a958c900084c9cbdde758ac5857,
        type: 3}
      propertyPath: m_RootOrder
      value: 0
      objectReference: {fileID: 0}
    - target: {fileID: 3049832547911365122, guid: efe52a958c900084c9cbdde758ac5857,
        type: 3}
      propertyPath: m_LocalEulerAnglesHint.x
      value: 0
      objectReference: {fileID: 0}
    - target: {fileID: 3049832547911365122, guid: efe52a958c900084c9cbdde758ac5857,
        type: 3}
      propertyPath: m_LocalEulerAnglesHint.y
      value: 0
      objectReference: {fileID: 0}
    - target: {fileID: 3049832547911365122, guid: efe52a958c900084c9cbdde758ac5857,
        type: 3}
      propertyPath: m_LocalEulerAnglesHint.z
      value: 0
      objectReference: {fileID: 0}
    - target: {fileID: 7842971246263823204, guid: efe52a958c900084c9cbdde758ac5857,
        type: 3}
      propertyPath: m_Name
      value: Target_nest
      objectReference: {fileID: 0}
    m_RemovedComponents: []
  m_SourcePrefab: {fileID: 100100000, guid: efe52a958c900084c9cbdde758ac5857, type: 3}
--- !u!1 &5143601575674230764 stripped
GameObject:
  m_CorrespondingSourceObject: {fileID: 7842971246263823204, guid: efe52a958c900084c9cbdde758ac5857,
    type: 3}
  m_PrefabInstance: {fileID: 3149822272015686792}
  m_PrefabAsset: {fileID: 0}
--- !u!4 &136590275848285834 stripped
Transform:
  m_CorrespondingSourceObject: {fileID: 3049832547911365122, guid: efe52a958c900084c9cbdde758ac5857,
    type: 3}
  m_PrefabInstance: {fileID: 3149822272015686792}
  m_PrefabAsset: {fileID: 0}
--- !u!95 &6590718731037757229 stripped
Animator:
  m_CorrespondingSourceObject: {fileID: 8124640438341538725, guid: efe52a958c900084c9cbdde758ac5857,
    type: 3}
  m_PrefabInstance: {fileID: 3149822272015686792}
  m_PrefabAsset: {fileID: 0}
