%YAML 1.1
%TAG !u! tag:unity3d.com,2011:
--- !u!114 &5241792110881396990
MonoBehaviour:
  m_ObjectHideFlags: 0
  m_CorrespondingSourceObject: {fileID: 0}
  m_PrefabInstance: {fileID: 0}
  m_PrefabAsset: {fileID: 0}
  m_GameObject: {fileID: 5143601575674230764}
  m_Enabled: 1
  m_EditorHideFlags: 0
  m_Script: {fileID: 11500000, guid: 21db0ca302b6d494a8b2b5cd4a0430df, type: 3}
  m_Name: 
  m_EditorClassIdentifier: 
  Leg: {fileID: 5374150354938072597}
  Arm: {fileID: 4077035693369216297}
  arrow: {fileID: 6590718731037757229}
--- !u!65 &7896898606620050167
BoxCollider:
  m_ObjectHideFlags: 0
  m_CorrespondingSourceObject: {fileID: 0}
  m_PrefabInstance: {fileID: 0}
  m_PrefabAsset: {fileID: 0}
  m_GameObject: {fileID: 5143601575674230764}
  m_Material: {fileID: 0}
  m_IsTrigger: 1
  m_Enabled: 1
  serializedVersion: 2
  m_Size: {x: 0.43487784, y: 0.2127229, z: 0.2839133}
  m_Center: {x: -0.014651343, y: 0.09212822, z: 0.0062814057}
--- !u!1001 &2282670471996426789
PrefabInstance:
  m_ObjectHideFlags: 0
  serializedVersion: 2
  m_Modification:
    m_TransformParent: {fileID: 136590275848285834}
    m_Modifications:
    - target: {fileID: 1638753873748620874, guid: 24740246a2c679249b81ec288569e2d9,
        type: 3}
      propertyPath: m_Name
      value: Rock_2
      objectReference: {fileID: 0}
    - target: {fileID: 5119749620274708939, guid: 24740246a2c679249b81ec288569e2d9,
        type: 3}
      propertyPath: m_IsActive
      value: 1
      objectReference: {fileID: 0}
    - target: {fileID: 7040788187102865023, guid: 24740246a2c679249b81ec288569e2d9,
        type: 3}
      propertyPath: m_LocalPosition.x
      value: 0.282
      objectReference: {fileID: 0}
    - target: {fileID: 7040788187102865023, guid: 24740246a2c679249b81ec288569e2d9,
        type: 3}
      propertyPath: m_LocalPosition.y
      value: -0.608
      objectReference: {fileID: 0}
    - target: {fileID: 7040788187102865023, guid: 24740246a2c679249b81ec288569e2d9,
        type: 3}
      propertyPath: m_LocalPosition.z
      value: 0.255
      objectReference: {fileID: 0}
    - target: {fileID: 7040788187102865023, guid: 24740246a2c679249b81ec288569e2d9,
        type: 3}
      propertyPath: m_LocalRotation.x
      value: -0
      objectReference: {fileID: 0}
    - target: {fileID: 7040788187102865023, guid: 24740246a2c679249b81ec288569e2d9,
        type: 3}
      propertyPath: m_LocalRotation.y
      value: -0
      objectReference: {fileID: 0}
    - target: {fileID: 7040788187102865023, guid: 24740246a2c679249b81ec288569e2d9,
        type: 3}
      propertyPath: m_LocalRotation.z
      value: -0
      objectReference: {fileID: 0}
    - target: {fileID: 7040788187102865023, guid: 24740246a2c679249b81ec288569e2d9,
        type: 3}
      propertyPath: m_LocalRotation.w
      value: 1
      objectReference: {fileID: 0}
    - target: {fileID: 7040788187102865023, guid: 24740246a2c679249b81ec288569e2d9,
        type: 3}
      propertyPath: m_RootOrder
      value: 1
      objectReference: {fileID: 0}
    - target: {fileID: 7040788187102865023, guid: 24740246a2c679249b81ec288569e2d9,
        type: 3}
      propertyPath: m_LocalEulerAnglesHint.x
      value: 0
      objectReference: {fileID: 0}
    - target: {fileID: 7040788187102865023, guid: 24740246a2c679249b81ec288569e2d9,
        type: 3}
      propertyPath: m_LocalEulerAnglesHint.y
      value: 0
      objectReference: {fileID: 0}
    - target: {fileID: 7040788187102865023, guid: 24740246a2c679249b81ec288569e2d9,
        type: 3}
      propertyPath: m_LocalEulerAnglesHint.z
      value: 0
      objectReference: {fileID: 0}
    - target: {fileID: 7040788187102865023, guid: 24740246a2c679249b81ec288569e2d9,
        type: 3}
      propertyPath: m_LocalScale.x
      value: 0.2
      objectReference: {fileID: 0}
    - target: {fileID: 7040788187102865023, guid: 24740246a2c679249b81ec288569e2d9,
        type: 3}
      propertyPath: m_LocalScale.y
      value: 0.2
      objectReference: {fileID: 0}
    - target: {fileID: 7040788187102865023, guid: 24740246a2c679249b81ec288569e2d9,
        type: 3}
      propertyPath: m_LocalScale.z
      value: 0.2
      objectReference: {fileID: 0}
    m_RemovedComponents: []
  m_SourcePrefab: {fileID: 100100000, guid: 24740246a2c679249b81ec288569e2d9, type: 3}
--- !u!1001 &3149822272015686792
PrefabInstance:
  m_ObjectHideFlags: 0
  serializedVersion: 2
  m_Modification:
    m_TransformParent: {fileID: 0}
    m_Modifications:
    - target: {fileID: 3049832547911365122, guid: efe52a958c900084c9cbdde758ac5857,
        type: 3}
      propertyPath: m_LocalPosition.x
      value: 0
      objectReference: {fileID: 0}
    - target: {fileID: 3049832547911365122, guid: efe52a958c900084c9cbdde758ac5857,
        type: 3}
      propertyPath: m_LocalPosition.y
      value: 0
      objectReference: {fileID: 0}
    - target: {fileID: 3049832547911365122, guid: efe52a958c900084c9cbdde758ac5857,
        type: 3}
      propertyPath: m_LocalPosition.z
      value: 0
      objectReference: {fileID: 0}
    - target: {fileID: 3049832547911365122, guid: efe52a958c900084c9cbdde758ac5857,
        type: 3}
      propertyPath: m_LocalRotation.x
      value: 0
      objectReference: {fileID: 0}
    - target: {fileID: 3049832547911365122, guid: efe52a958c900084c9cbdde758ac5857,
        type: 3}
      propertyPath: m_LocalRotation.y
      value: 0
      objectReference: {fileID: 0}
    - target: {fileID: 3049832547911365122, guid: efe52a958c900084c9cbdde758ac5857,
        type: 3}
      propertyPath: m_LocalRotation.z
      value: 0
      objectReference: {fileID: 0}
    - target: {fileID: 3049832547911365122, guid: efe52a958c900084c9cbdde758ac5857,
        type: 3}
      propertyPath: m_LocalRotation.w
      value: 1
      objectReference: {fileID: 0}
    - target: {fileID: 3049832547911365122, guid: efe52a958c900084c9cbdde758ac5857,
        type: 3}
      propertyPath: m_RootOrder
      value: 0
      objectReference: {fileID: 0}
    - target: {fileID: 3049832547911365122, guid: efe52a958c900084c9cbdde758ac5857,
        type: 3}
      propertyPath: m_LocalEulerAnglesHint.x
      value: 0
      objectReference: {fileID: 0}
    - target: {fileID: 3049832547911365122, guid: efe52a958c900084c9cbdde758ac5857,
        type: 3}
      propertyPath: m_LocalEulerAnglesHint.y
      value: 0
      objectReference: {fileID: 0}
    - target: {fileID: 3049832547911365122, guid: efe52a958c900084c9cbdde758ac5857,
        type: 3}
      propertyPath: m_LocalEulerAnglesHint.z
      value: 0
      objectReference: {fileID: 0}
    - target: {fileID: 7842971246263823204, guid: efe52a958c900084c9cbdde758ac5857,
        type: 3}
      propertyPath: m_Name
      value: Target_Rock
      objectReference: {fileID: 0}
    m_RemovedComponents: []
  m_SourcePrefab: {fileID: 100100000, guid: efe52a958c900084c9cbdde758ac5857, type: 3}
--- !u!1 &5143601575674230764 stripped
GameObject:
  m_CorrespondingSourceObject: {fileID: 7842971246263823204, guid: efe52a958c900084c9cbdde758ac5857,
    type: 3}
  m_PrefabInstance: {fileID: 3149822272015686792}
  m_PrefabAsset: {fileID: 0}
--- !u!4 &136590275848285834 stripped
Transform:
  m_CorrespondingSourceObject: {fileID: 3049832547911365122, guid: efe52a958c900084c9cbdde758ac5857,
    type: 3}
  m_PrefabInstance: {fileID: 3149822272015686792}
  m_PrefabAsset: {fileID: 0}
--- !u!95 &6590718731037757229 stripped
Animator:
  m_CorrespondingSourceObject: {fileID: 8124640438341538725, guid: efe52a958c900084c9cbdde758ac5857,
    type: 3}
  m_PrefabInstance: {fileID: 3149822272015686792}
  m_PrefabAsset: {fileID: 0}
--- !u!1001 &6567347794708097757
PrefabInstance:
  m_ObjectHideFlags: 0
  serializedVersion: 2
  m_Modification:
    m_TransformParent: {fileID: 136590275848285834}
    m_Modifications:
    - target: {fileID: 5527652005780186329, guid: 6180f9c12fd97764e848eb4d1d977400,
        type: 3}
      propertyPath: m_IsActive
      value: 0
      objectReference: {fileID: 0}
    - target: {fileID: 6185060185943242551, guid: 6180f9c12fd97764e848eb4d1d977400,
        type: 3}
      propertyPath: m_LocalPosition.x
      value: 0.057
      objectReference: {fileID: 0}
    - target: {fileID: 6185060185943242551, guid: 6180f9c12fd97764e848eb4d1d977400,
        type: 3}
      propertyPath: m_LocalPosition.y
      value: 0.096
      objectReference: {fileID: 0}
    - target: {fileID: 6185060185943242551, guid: 6180f9c12fd97764e848eb4d1d977400,
        type: 3}
      propertyPath: m_LocalPosition.z
      value: 0.058
      objectReference: {fileID: 0}
    - target: {fileID: 6185060185943242551, guid: 6180f9c12fd97764e848eb4d1d977400,
        type: 3}
      propertyPath: m_LocalRotation.x
      value: 0.5205414
      objectReference: {fileID: 0}
    - target: {fileID: 6185060185943242551, guid: 6180f9c12fd97764e848eb4d1d977400,
        type: 3}
      propertyPath: m_LocalRotation.y
      value: -0.8014223
      objectReference: {fileID: 0}
    - target: {fileID: 6185060185943242551, guid: 6180f9c12fd97764e848eb4d1d977400,
        type: 3}
      propertyPath: m_LocalRotation.z
      value: 0.1370316
      objectReference: {fileID: 0}
    - target: {fileID: 6185060185943242551, guid: 6180f9c12fd97764e848eb4d1d977400,
        type: 3}
      propertyPath: m_LocalRotation.w
      value: 0.26073202
      objectReference: {fileID: 0}
    - target: {fileID: 6185060185943242551, guid: 6180f9c12fd97764e848eb4d1d977400,
        type: 3}
      propertyPath: m_RootOrder
      value: 2
      objectReference: {fileID: 0}
    - target: {fileID: 6185060185943242551, guid: 6180f9c12fd97764e848eb4d1d977400,
        type: 3}
      propertyPath: m_LocalEulerAnglesHint.x
      value: 150.588
      objectReference: {fileID: 0}
    - target: {fileID: 6185060185943242551, guid: 6180f9c12fd97764e848eb4d1d977400,
        type: 3}
      propertyPath: m_LocalEulerAnglesHint.y
      value: 18.419998
      objectReference: {fileID: 0}
    - target: {fileID: 6185060185943242551, guid: 6180f9c12fd97764e848eb4d1d977400,
        type: 3}
      propertyPath: m_LocalEulerAnglesHint.z
      value: 118.864
      objectReference: {fileID: 0}
    - target: {fileID: 7741761306516030385, guid: 6180f9c12fd97764e848eb4d1d977400,
        type: 3}
      propertyPath: m_Name
      value: HeroPart_Arm
      objectReference: {fileID: 0}
    m_RemovedComponents: []
  m_SourcePrefab: {fileID: 100100000, guid: 6180f9c12fd97764e848eb4d1d977400, type: 3}
--- !u!114 &4077035693369216297 stripped
MonoBehaviour:
  m_CorrespondingSourceObject: {fileID: 7185319871525758964, guid: 6180f9c12fd97764e848eb4d1d977400,
    type: 3}
  m_PrefabInstance: {fileID: 6567347794708097757}
  m_PrefabAsset: {fileID: 0}
  m_GameObject: {fileID: 0}
  m_Enabled: 1
  m_EditorHideFlags: 0
  m_Script: {fileID: 11500000, guid: 7603b585725b1c745bc759ba945bdfe0, type: 3}
  m_Name: 
  m_EditorClassIdentifier: 
--- !u!1001 &8453389895936645893
PrefabInstance:
  m_ObjectHideFlags: 0
  serializedVersion: 2
  m_Modification:
    m_TransformParent: {fileID: 136590275848285834}
    m_Modifications:
    - target: {fileID: 695372067648194003, guid: 6750d83df6f40954eb1ade6fbe5a1c51,
        type: 3}
      propertyPath: m_LocalPosition.x
      value: 0.057
      objectReference: {fileID: 0}
    - target: {fileID: 695372067648194003, guid: 6750d83df6f40954eb1ade6fbe5a1c51,
        type: 3}
      propertyPath: m_LocalPosition.y
      value: 0.096
      objectReference: {fileID: 0}
    - target: {fileID: 695372067648194003, guid: 6750d83df6f40954eb1ade6fbe5a1c51,
        type: 3}
      propertyPath: m_LocalPosition.z
      value: 0.058
      objectReference: {fileID: 0}
    - target: {fileID: 695372067648194003, guid: 6750d83df6f40954eb1ade6fbe5a1c51,
        type: 3}
      propertyPath: m_LocalRotation.x
      value: 0.5205414
      objectReference: {fileID: 0}
    - target: {fileID: 695372067648194003, guid: 6750d83df6f40954eb1ade6fbe5a1c51,
        type: 3}
      propertyPath: m_LocalRotation.y
      value: -0.8014223
      objectReference: {fileID: 0}
    - target: {fileID: 695372067648194003, guid: 6750d83df6f40954eb1ade6fbe5a1c51,
        type: 3}
      propertyPath: m_LocalRotation.z
      value: 0.1370316
      objectReference: {fileID: 0}
    - target: {fileID: 695372067648194003, guid: 6750d83df6f40954eb1ade6fbe5a1c51,
        type: 3}
      propertyPath: m_LocalRotation.w
      value: 0.26073202
      objectReference: {fileID: 0}
    - target: {fileID: 695372067648194003, guid: 6750d83df6f40954eb1ade6fbe5a1c51,
        type: 3}
      propertyPath: m_RootOrder
      value: 3
      objectReference: {fileID: 0}
    - target: {fileID: 695372067648194003, guid: 6750d83df6f40954eb1ade6fbe5a1c51,
        type: 3}
      propertyPath: m_LocalEulerAnglesHint.x
      value: 150.588
      objectReference: {fileID: 0}
    - target: {fileID: 695372067648194003, guid: 6750d83df6f40954eb1ade6fbe5a1c51,
        type: 3}
      propertyPath: m_LocalEulerAnglesHint.y
      value: 18.419998
      objectReference: {fileID: 0}
    - target: {fileID: 695372067648194003, guid: 6750d83df6f40954eb1ade6fbe5a1c51,
        type: 3}
      propertyPath: m_LocalEulerAnglesHint.z
      value: 118.864
      objectReference: {fileID: 0}
    - target: {fileID: 3964162361642201429, guid: 6750d83df6f40954eb1ade6fbe5a1c51,
        type: 3}
      propertyPath: m_Name
      value: HeroPart_Leg
      objectReference: {fileID: 0}
    - target: {fileID: 8467241460236586292, guid: 6750d83df6f40954eb1ade6fbe5a1c51,
        type: 3}
      propertyPath: m_IsActive
      value: 0
      objectReference: {fileID: 0}
    m_RemovedComponents: []
  m_SourcePrefab: {fileID: 100100000, guid: 6750d83df6f40954eb1ade6fbe5a1c51, type: 3}
--- !u!114 &5374150354938072597 stripped
MonoBehaviour:
  m_CorrespondingSourceObject: {fileID: 4594982326843315472, guid: 6750d83df6f40954eb1ade6fbe5a1c51,
    type: 3}
  m_PrefabInstance: {fileID: 8453389895936645893}
  m_PrefabAsset: {fileID: 0}
  m_GameObject: {fileID: 0}
  m_Enabled: 1
  m_EditorHideFlags: 0
  m_Script: {fileID: 11500000, guid: 7603b585725b1c745bc759ba945bdfe0, type: 3}
  m_Name: 
  m_EditorClassIdentifier: 
