%YAML 1.1
%TAG !u! tag:unity3d.com,2011:
--- !u!1 &3964631129709627519
GameObject:
  m_ObjectHideFlags: 0
  m_CorrespondingSourceObject: {fileID: 0}
  m_PrefabInstance: {fileID: 0}
  m_PrefabAsset: {fileID: 0}
  serializedVersion: 6
  m_Component:
  - component: {fileID: 3964631129709627518}
  m_Layer: 0
  m_Name: WawesHolder
  m_TagString: Untagged
  m_Icon: {fileID: 0}
  m_NavMeshLayer: 0
  m_StaticEditorFlags: 0
  m_IsActive: 1
--- !u!4 &3964631129709627518
Transform:
  m_ObjectHideFlags: 0
  m_CorrespondingSourceObject: {fileID: 0}
  m_PrefabInstance: {fileID: 0}
  m_PrefabAsset: {fileID: 0}
  m_GameObject: {fileID: 3964631129709627519}
  m_LocalRotation: {x: 0, y: 0, z: 0, w: 1}
  m_LocalPosition: {x: 0, y: 2.268, z: 0}
  m_LocalScale: {x: 1, y: 1, z: 1}
  m_Children:
  - {fileID: 2258031070563351194}
  - {fileID: 2258031072460150075}
  - {fileID: 2258031071739676644}
  - {fileID: 2258031070554797149}
  - {fileID: 2258031070955667232}
  - {fileID: 2258031071956089438}
  - {fileID: 2258031070979247299}
  - {fileID: 2258031072214551716}
  - {fileID: 2258031071903458937}
  - {fileID: 2258031072342316078}
  - {fileID: 2258031071061762175}
  - {fileID: 2258031070570153608}
  - {fileID: 2258031070945543047}
  - {fileID: 2258031072334893153}
  - {fileID: 2258031071683702510}
  m_Father: {fileID: 0}
  m_RootOrder: 0
  m_LocalEulerAnglesHint: {x: 0, y: 0, z: 0}
--- !u!1001 &3964631128759044363
PrefabInstance:
  m_ObjectHideFlags: 0
  serializedVersion: 2
  m_Modification:
    m_TransformParent: {fileID: 3964631129709627518}
    m_Modifications:
    - target: {fileID: 2164060515305068022, guid: e189f0a279851594b86df87ca7a92701,
        type: 3}
      propertyPath: m_Name
      value: Waves (14)
      objectReference: {fileID: 0}
    - target: {fileID: 2905684095682209765, guid: e189f0a279851594b86df87ca7a92701,
        type: 3}
      propertyPath: m_LocalPosition.x
      value: -48.92
      objectReference: {fileID: 0}
    - target: {fileID: 2905684095682209765, guid: e189f0a279851594b86df87ca7a92701,
        type: 3}
      propertyPath: m_LocalPosition.y
      value: 0
      objectReference: {fileID: 0}
    - target: {fileID: 2905684095682209765, guid: e189f0a279851594b86df87ca7a92701,
        type: 3}
      propertyPath: m_LocalPosition.z
      value: -0.56
      objectReference: {fileID: 0}
    - target: {fileID: 2905684095682209765, guid: e189f0a279851594b86df87ca7a92701,
        type: 3}
      propertyPath: m_LocalRotation.x
      value: 0
      objectReference: {fileID: 0}
    - target: {fileID: 2905684095682209765, guid: e189f0a279851594b86df87ca7a92701,
        type: 3}
      propertyPath: m_LocalRotation.y
      value: 0.7071068
      objectReference: {fileID: 0}
    - target: {fileID: 2905684095682209765, guid: e189f0a279851594b86df87ca7a92701,
        type: 3}
      propertyPath: m_LocalRotation.z
      value: 0
      objectReference: {fileID: 0}
    - target: {fileID: 2905684095682209765, guid: e189f0a279851594b86df87ca7a92701,
        type: 3}
      propertyPath: m_LocalRotation.w
      value: 0.7071068
      objectReference: {fileID: 0}
    - target: {fileID: 2905684095682209765, guid: e189f0a279851594b86df87ca7a92701,
        type: 3}
      propertyPath: m_RootOrder
      value: 14
      objectReference: {fileID: 0}
    - target: {fileID: 2905684095682209765, guid: e189f0a279851594b86df87ca7a92701,
        type: 3}
      propertyPath: m_LocalEulerAnglesHint.x
      value: 0
      objectReference: {fileID: 0}
    - target: {fileID: 2905684095682209765, guid: e189f0a279851594b86df87ca7a92701,
        type: 3}
      propertyPath: m_LocalEulerAnglesHint.y
      value: 90
      objectReference: {fileID: 0}
    - target: {fileID: 2905684095682209765, guid: e189f0a279851594b86df87ca7a92701,
        type: 3}
      propertyPath: m_LocalEulerAnglesHint.z
      value: 0
      objectReference: {fileID: 0}
    - target: {fileID: 8275048402472278134, guid: e189f0a279851594b86df87ca7a92701,
        type: 3}
      propertyPath: dalay
      value: 10
      objectReference: {fileID: 0}
    m_RemovedComponents: []
  m_SourcePrefab: {fileID: 100100000, guid: e189f0a279851594b86df87ca7a92701, type: 3}
--- !u!4 &2258031071683702510 stripped
Transform:
  m_CorrespondingSourceObject: {fileID: 2905684095682209765, guid: e189f0a279851594b86df87ca7a92701,
    type: 3}
  m_PrefabInstance: {fileID: 3964631128759044363}
  m_PrefabAsset: {fileID: 0}
--- !u!1001 &3964631128814739457
PrefabInstance:
  m_ObjectHideFlags: 0
  serializedVersion: 2
  m_Modification:
    m_TransformParent: {fileID: 3964631129709627518}
    m_Modifications:
    - target: {fileID: 2164060515305068022, guid: e189f0a279851594b86df87ca7a92701,
        type: 3}
      propertyPath: m_Name
      value: Waves (2)
      objectReference: {fileID: 0}
    - target: {fileID: 2905684095682209765, guid: e189f0a279851594b86df87ca7a92701,
        type: 3}
      propertyPath: m_LocalPosition.x
      value: -4.21
      objectReference: {fileID: 0}
    - target: {fileID: 2905684095682209765, guid: e189f0a279851594b86df87ca7a92701,
        type: 3}
      propertyPath: m_LocalPosition.y
      value: 0
      objectReference: {fileID: 0}
    - target: {fileID: 2905684095682209765, guid: e189f0a279851594b86df87ca7a92701,
        type: 3}
      propertyPath: m_LocalPosition.z
      value: 3.7
      objectReference: {fileID: 0}
    - target: {fileID: 2905684095682209765, guid: e189f0a279851594b86df87ca7a92701,
        type: 3}
      propertyPath: m_LocalRotation.x
      value: 0
      objectReference: {fileID: 0}
    - target: {fileID: 2905684095682209765, guid: e189f0a279851594b86df87ca7a92701,
        type: 3}
      propertyPath: m_LocalRotation.y
      value: 0.7071068
      objectReference: {fileID: 0}
    - target: {fileID: 2905684095682209765, guid: e189f0a279851594b86df87ca7a92701,
        type: 3}
      propertyPath: m_LocalRotation.z
      value: 0
      objectReference: {fileID: 0}
    - target: {fileID: 2905684095682209765, guid: e189f0a279851594b86df87ca7a92701,
        type: 3}
      propertyPath: m_LocalRotation.w
      value: 0.7071068
      objectReference: {fileID: 0}
    - target: {fileID: 2905684095682209765, guid: e189f0a279851594b86df87ca7a92701,
        type: 3}
      propertyPath: m_RootOrder
      value: 2
      objectReference: {fileID: 0}
    - target: {fileID: 2905684095682209765, guid: e189f0a279851594b86df87ca7a92701,
        type: 3}
      propertyPath: m_LocalEulerAnglesHint.x
      value: 0
      objectReference: {fileID: 0}
    - target: {fileID: 2905684095682209765, guid: e189f0a279851594b86df87ca7a92701,
        type: 3}
      propertyPath: m_LocalEulerAnglesHint.y
      value: 90
      objectReference: {fileID: 0}
    - target: {fileID: 2905684095682209765, guid: e189f0a279851594b86df87ca7a92701,
        type: 3}
      propertyPath: m_LocalEulerAnglesHint.z
      value: 0
      objectReference: {fileID: 0}
    - target: {fileID: 4629084161374794973, guid: e189f0a279851594b86df87ca7a92701,
        type: 3}
      propertyPath: m_LocalPosition.z
      value: 3.5
      objectReference: {fileID: 0}
    - target: {fileID: 8275048402472278134, guid: e189f0a279851594b86df87ca7a92701,
        type: 3}
      propertyPath: dalay
      value: 0.3
      objectReference: {fileID: 0}
    m_RemovedComponents: []
  m_SourcePrefab: {fileID: 100100000, guid: e189f0a279851594b86df87ca7a92701, type: 3}
--- !u!4 &2258031071739676644 stripped
Transform:
  m_CorrespondingSourceObject: {fileID: 2905684095682209765, guid: e189f0a279851594b86df87ca7a92701,
    type: 3}
  m_PrefabInstance: {fileID: 3964631128814739457}
  m_PrefabAsset: {fileID: 0}
--- !u!1001 &3964631128978637212
PrefabInstance:
  m_ObjectHideFlags: 0
  serializedVersion: 2
  m_Modification:
    m_TransformParent: {fileID: 3964631129709627518}
    m_Modifications:
    - target: {fileID: 2164060515305068022, guid: e189f0a279851594b86df87ca7a92701,
        type: 3}
      propertyPath: m_Name
      value: Waves (8)
      objectReference: {fileID: 0}
    - target: {fileID: 2905684095682209765, guid: e189f0a279851594b86df87ca7a92701,
        type: 3}
      propertyPath: m_LocalPosition.x
      value: -20.84
      objectReference: {fileID: 0}
    - target: {fileID: 2905684095682209765, guid: e189f0a279851594b86df87ca7a92701,
        type: 3}
      propertyPath: m_LocalPosition.y
      value: 0
      objectReference: {fileID: 0}
    - target: {fileID: 2905684095682209765, guid: e189f0a279851594b86df87ca7a92701,
        type: 3}
      propertyPath: m_LocalPosition.z
      value: -0.25
      objectReference: {fileID: 0}
    - target: {fileID: 2905684095682209765, guid: e189f0a279851594b86df87ca7a92701,
        type: 3}
      propertyPath: m_LocalRotation.x
      value: 0
      objectReference: {fileID: 0}
    - target: {fileID: 2905684095682209765, guid: e189f0a279851594b86df87ca7a92701,
        type: 3}
      propertyPath: m_LocalRotation.y
      value: 0.7071068
      objectReference: {fileID: 0}
    - target: {fileID: 2905684095682209765, guid: e189f0a279851594b86df87ca7a92701,
        type: 3}
      propertyPath: m_LocalRotation.z
      value: 0
      objectReference: {fileID: 0}
    - target: {fileID: 2905684095682209765, guid: e189f0a279851594b86df87ca7a92701,
        type: 3}
      propertyPath: m_LocalRotation.w
      value: 0.7071068
      objectReference: {fileID: 0}
    - target: {fileID: 2905684095682209765, guid: e189f0a279851594b86df87ca7a92701,
        type: 3}
      propertyPath: m_RootOrder
      value: 8
      objectReference: {fileID: 0}
    - target: {fileID: 2905684095682209765, guid: e189f0a279851594b86df87ca7a92701,
        type: 3}
      propertyPath: m_LocalEulerAnglesHint.x
      value: 0
      objectReference: {fileID: 0}
    - target: {fileID: 2905684095682209765, guid: e189f0a279851594b86df87ca7a92701,
        type: 3}
      propertyPath: m_LocalEulerAnglesHint.y
      value: 90
      objectReference: {fileID: 0}
    - target: {fileID: 2905684095682209765, guid: e189f0a279851594b86df87ca7a92701,
        type: 3}
      propertyPath: m_LocalEulerAnglesHint.z
      value: 0
      objectReference: {fileID: 0}
    - target: {fileID: 8275048402472278134, guid: e189f0a279851594b86df87ca7a92701,
        type: 3}
      propertyPath: dalay
      value: 4
      objectReference: {fileID: 0}
    m_RemovedComponents: []
  m_SourcePrefab: {fileID: 100100000, guid: e189f0a279851594b86df87ca7a92701, type: 3}
--- !u!4 &2258031071903458937 stripped
Transform:
  m_CorrespondingSourceObject: {fileID: 2905684095682209765, guid: e189f0a279851594b86df87ca7a92701,
    type: 3}
  m_PrefabInstance: {fileID: 3964631128978637212}
  m_PrefabAsset: {fileID: 0}
--- !u!1001 &3964631129027206587
PrefabInstance:
  m_ObjectHideFlags: 0
  serializedVersion: 2
  m_Modification:
    m_TransformParent: {fileID: 3964631129709627518}
    m_Modifications:
    - target: {fileID: 2164060515305068022, guid: e189f0a279851594b86df87ca7a92701,
        type: 3}
      propertyPath: m_Name
      value: Waves (5)
      objectReference: {fileID: 0}
    - target: {fileID: 2905684095682209765, guid: e189f0a279851594b86df87ca7a92701,
        type: 3}
      propertyPath: m_LocalPosition.x
      value: -10.72
      objectReference: {fileID: 0}
    - target: {fileID: 2905684095682209765, guid: e189f0a279851594b86df87ca7a92701,
        type: 3}
      propertyPath: m_LocalPosition.y
      value: 0
      objectReference: {fileID: 0}
    - target: {fileID: 2905684095682209765, guid: e189f0a279851594b86df87ca7a92701,
        type: 3}
      propertyPath: m_LocalPosition.z
      value: -0.66
      objectReference: {fileID: 0}
    - target: {fileID: 2905684095682209765, guid: e189f0a279851594b86df87ca7a92701,
        type: 3}
      propertyPath: m_LocalRotation.x
      value: 0
      objectReference: {fileID: 0}
    - target: {fileID: 2905684095682209765, guid: e189f0a279851594b86df87ca7a92701,
        type: 3}
      propertyPath: m_LocalRotation.y
      value: 0.7071068
      objectReference: {fileID: 0}
    - target: {fileID: 2905684095682209765, guid: e189f0a279851594b86df87ca7a92701,
        type: 3}
      propertyPath: m_LocalRotation.z
      value: 0
      objectReference: {fileID: 0}
    - target: {fileID: 2905684095682209765, guid: e189f0a279851594b86df87ca7a92701,
        type: 3}
      propertyPath: m_LocalRotation.w
      value: 0.7071068
      objectReference: {fileID: 0}
    - target: {fileID: 2905684095682209765, guid: e189f0a279851594b86df87ca7a92701,
        type: 3}
      propertyPath: m_RootOrder
      value: 5
      objectReference: {fileID: 0}
    - target: {fileID: 2905684095682209765, guid: e189f0a279851594b86df87ca7a92701,
        type: 3}
      propertyPath: m_LocalEulerAnglesHint.x
      value: 0
      objectReference: {fileID: 0}
    - target: {fileID: 2905684095682209765, guid: e189f0a279851594b86df87ca7a92701,
        type: 3}
      propertyPath: m_LocalEulerAnglesHint.y
      value: 90
      objectReference: {fileID: 0}
    - target: {fileID: 2905684095682209765, guid: e189f0a279851594b86df87ca7a92701,
        type: 3}
      propertyPath: m_LocalEulerAnglesHint.z
      value: 0
      objectReference: {fileID: 0}
    - target: {fileID: 8275048402472278134, guid: e189f0a279851594b86df87ca7a92701,
        type: 3}
      propertyPath: dalay
      value: 0.5
      objectReference: {fileID: 0}
    m_RemovedComponents: []
  m_SourcePrefab: {fileID: 100100000, guid: e189f0a279851594b86df87ca7a92701, type: 3}
--- !u!4 &2258031071956089438 stripped
Transform:
  m_CorrespondingSourceObject: {fileID: 2905684095682209765, guid: e189f0a279851594b86df87ca7a92701,
    type: 3}
  m_PrefabInstance: {fileID: 3964631129027206587}
  m_PrefabAsset: {fileID: 0}
--- !u!1001 &3964631129302461249
PrefabInstance:
  m_ObjectHideFlags: 0
  serializedVersion: 2
  m_Modification:
    m_TransformParent: {fileID: 3964631129709627518}
    m_Modifications:
    - target: {fileID: 2164060515305068022, guid: e189f0a279851594b86df87ca7a92701,
        type: 3}
      propertyPath: m_Name
      value: Waves (7)
      objectReference: {fileID: 0}
    - target: {fileID: 2905684095682209765, guid: e189f0a279851594b86df87ca7a92701,
        type: 3}
      propertyPath: m_LocalPosition.x
      value: -18.19
      objectReference: {fileID: 0}
    - target: {fileID: 2905684095682209765, guid: e189f0a279851594b86df87ca7a92701,
        type: 3}
      propertyPath: m_LocalPosition.y
      value: 0
      objectReference: {fileID: 0}
    - target: {fileID: 2905684095682209765, guid: e189f0a279851594b86df87ca7a92701,
        type: 3}
      propertyPath: m_LocalPosition.z
      value: 3.87
      objectReference: {fileID: 0}
    - target: {fileID: 2905684095682209765, guid: e189f0a279851594b86df87ca7a92701,
        type: 3}
      propertyPath: m_LocalRotation.x
      value: 0
      objectReference: {fileID: 0}
    - target: {fileID: 2905684095682209765, guid: e189f0a279851594b86df87ca7a92701,
        type: 3}
      propertyPath: m_LocalRotation.y
      value: 0.7071068
      objectReference: {fileID: 0}
    - target: {fileID: 2905684095682209765, guid: e189f0a279851594b86df87ca7a92701,
        type: 3}
      propertyPath: m_LocalRotation.z
      value: 0
      objectReference: {fileID: 0}
    - target: {fileID: 2905684095682209765, guid: e189f0a279851594b86df87ca7a92701,
        type: 3}
      propertyPath: m_LocalRotation.w
      value: 0.7071068
      objectReference: {fileID: 0}
    - target: {fileID: 2905684095682209765, guid: e189f0a279851594b86df87ca7a92701,
        type: 3}
      propertyPath: m_RootOrder
      value: 7
      objectReference: {fileID: 0}
    - target: {fileID: 2905684095682209765, guid: e189f0a279851594b86df87ca7a92701,
        type: 3}
      propertyPath: m_LocalEulerAnglesHint.x
      value: 0
      objectReference: {fileID: 0}
    - target: {fileID: 2905684095682209765, guid: e189f0a279851594b86df87ca7a92701,
        type: 3}
      propertyPath: m_LocalEulerAnglesHint.y
      value: 90
      objectReference: {fileID: 0}
    - target: {fileID: 2905684095682209765, guid: e189f0a279851594b86df87ca7a92701,
        type: 3}
      propertyPath: m_LocalEulerAnglesHint.z
      value: 0
      objectReference: {fileID: 0}
    - target: {fileID: 8275048402472278134, guid: e189f0a279851594b86df87ca7a92701,
        type: 3}
      propertyPath: dalay
      value: 3
      objectReference: {fileID: 0}
    m_RemovedComponents: []
  m_SourcePrefab: {fileID: 100100000, guid: e189f0a279851594b86df87ca7a92701, type: 3}
--- !u!4 &2258031072214551716 stripped
Transform:
  m_CorrespondingSourceObject: {fileID: 2905684095682209765, guid: e189f0a279851594b86df87ca7a92701,
    type: 3}
  m_PrefabInstance: {fileID: 3964631129302461249}
  m_PrefabAsset: {fileID: 0}
--- !u!1001 &3964631129417446347
PrefabInstance:
  m_ObjectHideFlags: 0
  serializedVersion: 2
  m_Modification:
    m_TransformParent: {fileID: 3964631129709627518}
    m_Modifications:
    - target: {fileID: 2164060515305068022, guid: e189f0a279851594b86df87ca7a92701,
        type: 3}
      propertyPath: m_Name
      value: Waves (9)
      objectReference: {fileID: 0}
    - target: {fileID: 2905684095682209765, guid: e189f0a279851594b86df87ca7a92701,
        type: 3}
      propertyPath: m_LocalPosition.x
      value: -25.27
      objectReference: {fileID: 0}
    - target: {fileID: 2905684095682209765, guid: e189f0a279851594b86df87ca7a92701,
        type: 3}
      propertyPath: m_LocalPosition.y
      value: 0
      objectReference: {fileID: 0}
    - target: {fileID: 2905684095682209765, guid: e189f0a279851594b86df87ca7a92701,
        type: 3}
      propertyPath: m_LocalPosition.z
      value: 2.64
      objectReference: {fileID: 0}
    - target: {fileID: 2905684095682209765, guid: e189f0a279851594b86df87ca7a92701,
        type: 3}
      propertyPath: m_LocalRotation.x
      value: 0
      objectReference: {fileID: 0}
    - target: {fileID: 2905684095682209765, guid: e189f0a279851594b86df87ca7a92701,
        type: 3}
      propertyPath: m_LocalRotation.y
      value: 0.7071068
      objectReference: {fileID: 0}
    - target: {fileID: 2905684095682209765, guid: e189f0a279851594b86df87ca7a92701,
        type: 3}
      propertyPath: m_LocalRotation.z
      value: 0
      objectReference: {fileID: 0}
    - target: {fileID: 2905684095682209765, guid: e189f0a279851594b86df87ca7a92701,
        type: 3}
      propertyPath: m_LocalRotation.w
      value: 0.7071068
      objectReference: {fileID: 0}
    - target: {fileID: 2905684095682209765, guid: e189f0a279851594b86df87ca7a92701,
        type: 3}
      propertyPath: m_RootOrder
      value: 9
      objectReference: {fileID: 0}
    - target: {fileID: 2905684095682209765, guid: e189f0a279851594b86df87ca7a92701,
        type: 3}
      propertyPath: m_LocalEulerAnglesHint.x
      value: 0
      objectReference: {fileID: 0}
    - target: {fileID: 2905684095682209765, guid: e189f0a279851594b86df87ca7a92701,
        type: 3}
      propertyPath: m_LocalEulerAnglesHint.y
      value: 90
      objectReference: {fileID: 0}
    - target: {fileID: 2905684095682209765, guid: e189f0a279851594b86df87ca7a92701,
        type: 3}
      propertyPath: m_LocalEulerAnglesHint.z
      value: 0
      objectReference: {fileID: 0}
    - target: {fileID: 8275048402472278134, guid: e189f0a279851594b86df87ca7a92701,
        type: 3}
      propertyPath: dalay
      value: 5
      objectReference: {fileID: 0}
    m_RemovedComponents: []
  m_SourcePrefab: {fileID: 100100000, guid: e189f0a279851594b86df87ca7a92701, type: 3}
--- !u!4 &2258031072342316078 stripped
Transform:
  m_CorrespondingSourceObject: {fileID: 2905684095682209765, guid: e189f0a279851594b86df87ca7a92701,
    type: 3}
  m_PrefabInstance: {fileID: 3964631129417446347}
  m_PrefabAsset: {fileID: 0}
--- !u!1001 &3964631129426966404
PrefabInstance:
  m_ObjectHideFlags: 0
  serializedVersion: 2
  m_Modification:
    m_TransformParent: {fileID: 3964631129709627518}
    m_Modifications:
    - target: {fileID: 2164060515305068022, guid: e189f0a279851594b86df87ca7a92701,
        type: 3}
      propertyPath: m_Name
      value: Waves (13)
      objectReference: {fileID: 0}
    - target: {fileID: 2905684095682209765, guid: e189f0a279851594b86df87ca7a92701,
        type: 3}
      propertyPath: m_LocalPosition.x
      value: -44.87
      objectReference: {fileID: 0}
    - target: {fileID: 2905684095682209765, guid: e189f0a279851594b86df87ca7a92701,
        type: 3}
      propertyPath: m_LocalPosition.y
      value: 0
      objectReference: {fileID: 0}
    - target: {fileID: 2905684095682209765, guid: e189f0a279851594b86df87ca7a92701,
        type: 3}
      propertyPath: m_LocalPosition.z
      value: 2.96
      objectReference: {fileID: 0}
    - target: {fileID: 2905684095682209765, guid: e189f0a279851594b86df87ca7a92701,
        type: 3}
      propertyPath: m_LocalRotation.x
      value: 0
      objectReference: {fileID: 0}
    - target: {fileID: 2905684095682209765, guid: e189f0a279851594b86df87ca7a92701,
        type: 3}
      propertyPath: m_LocalRotation.y
      value: 0.7071068
      objectReference: {fileID: 0}
    - target: {fileID: 2905684095682209765, guid: e189f0a279851594b86df87ca7a92701,
        type: 3}
      propertyPath: m_LocalRotation.z
      value: 0
      objectReference: {fileID: 0}
    - target: {fileID: 2905684095682209765, guid: e189f0a279851594b86df87ca7a92701,
        type: 3}
      propertyPath: m_LocalRotation.w
      value: 0.7071068
      objectReference: {fileID: 0}
    - target: {fileID: 2905684095682209765, guid: e189f0a279851594b86df87ca7a92701,
        type: 3}
      propertyPath: m_RootOrder
      value: 13
      objectReference: {fileID: 0}
    - target: {fileID: 2905684095682209765, guid: e189f0a279851594b86df87ca7a92701,
        type: 3}
      propertyPath: m_LocalEulerAnglesHint.x
      value: 0
      objectReference: {fileID: 0}
    - target: {fileID: 2905684095682209765, guid: e189f0a279851594b86df87ca7a92701,
        type: 3}
      propertyPath: m_LocalEulerAnglesHint.y
      value: 90
      objectReference: {fileID: 0}
    - target: {fileID: 2905684095682209765, guid: e189f0a279851594b86df87ca7a92701,
        type: 3}
      propertyPath: m_LocalEulerAnglesHint.z
      value: 0
      objectReference: {fileID: 0}
    - target: {fileID: 8275048402472278134, guid: e189f0a279851594b86df87ca7a92701,
        type: 3}
      propertyPath: dalay
      value: 8.9
      objectReference: {fileID: 0}
    m_RemovedComponents: []
  m_SourcePrefab: {fileID: 100100000, guid: e189f0a279851594b86df87ca7a92701, type: 3}
--- !u!4 &2258031072334893153 stripped
Transform:
  m_CorrespondingSourceObject: {fileID: 2905684095682209765, guid: e189f0a279851594b86df87ca7a92701,
    type: 3}
  m_PrefabInstance: {fileID: 3964631129426966404}
  m_PrefabAsset: {fileID: 0}
--- !u!1001 &3964631129535541982
PrefabInstance:
  m_ObjectHideFlags: 0
  serializedVersion: 2
  m_Modification:
    m_TransformParent: {fileID: 3964631129709627518}
    m_Modifications:
    - target: {fileID: 2164060515305068022, guid: e189f0a279851594b86df87ca7a92701,
        type: 3}
      propertyPath: m_Name
      value: Waves (1)
      objectReference: {fileID: 0}
    - target: {fileID: 2905684095682209765, guid: e189f0a279851594b86df87ca7a92701,
        type: 3}
      propertyPath: m_LocalPosition.x
      value: 5.22
      objectReference: {fileID: 0}
    - target: {fileID: 2905684095682209765, guid: e189f0a279851594b86df87ca7a92701,
        type: 3}
      propertyPath: m_LocalPosition.y
      value: 0
      objectReference: {fileID: 0}
    - target: {fileID: 2905684095682209765, guid: e189f0a279851594b86df87ca7a92701,
        type: 3}
      propertyPath: m_LocalPosition.z
      value: 1.65
      objectReference: {fileID: 0}
    - target: {fileID: 2905684095682209765, guid: e189f0a279851594b86df87ca7a92701,
        type: 3}
      propertyPath: m_LocalRotation.x
      value: 0
      objectReference: {fileID: 0}
    - target: {fileID: 2905684095682209765, guid: e189f0a279851594b86df87ca7a92701,
        type: 3}
      propertyPath: m_LocalRotation.y
      value: 0.7071068
      objectReference: {fileID: 0}
    - target: {fileID: 2905684095682209765, guid: e189f0a279851594b86df87ca7a92701,
        type: 3}
      propertyPath: m_LocalRotation.z
      value: 0
      objectReference: {fileID: 0}
    - target: {fileID: 2905684095682209765, guid: e189f0a279851594b86df87ca7a92701,
        type: 3}
      propertyPath: m_LocalRotation.w
      value: 0.7071068
      objectReference: {fileID: 0}
    - target: {fileID: 2905684095682209765, guid: e189f0a279851594b86df87ca7a92701,
        type: 3}
      propertyPath: m_RootOrder
      value: 1
      objectReference: {fileID: 0}
    - target: {fileID: 2905684095682209765, guid: e189f0a279851594b86df87ca7a92701,
        type: 3}
      propertyPath: m_LocalEulerAnglesHint.x
      value: 0
      objectReference: {fileID: 0}
    - target: {fileID: 2905684095682209765, guid: e189f0a279851594b86df87ca7a92701,
        type: 3}
      propertyPath: m_LocalEulerAnglesHint.y
      value: 90
      objectReference: {fileID: 0}
    - target: {fileID: 2905684095682209765, guid: e189f0a279851594b86df87ca7a92701,
        type: 3}
      propertyPath: m_LocalEulerAnglesHint.z
      value: 0
      objectReference: {fileID: 0}
    - target: {fileID: 8275048402472278134, guid: e189f0a279851594b86df87ca7a92701,
        type: 3}
      propertyPath: dalay
      value: 0.2
      objectReference: {fileID: 0}
    m_RemovedComponents: []
  m_SourcePrefab: {fileID: 100100000, guid: e189f0a279851594b86df87ca7a92701, type: 3}
--- !u!4 &2258031072460150075 stripped
Transform:
  m_CorrespondingSourceObject: {fileID: 2905684095682209765, guid: e189f0a279851594b86df87ca7a92701,
    type: 3}
  m_PrefabInstance: {fileID: 3964631129535541982}
  m_PrefabAsset: {fileID: 0}
--- !u!1001 &3964631129781886335
PrefabInstance:
  m_ObjectHideFlags: 0
  serializedVersion: 2
  m_Modification:
    m_TransformParent: {fileID: 3964631129709627518}
    m_Modifications:
    - target: {fileID: 2164060515305068022, guid: e189f0a279851594b86df87ca7a92701,
        type: 3}
      propertyPath: m_Name
      value: Waves
      objectReference: {fileID: 0}
    - target: {fileID: 2905684095682209765, guid: e189f0a279851594b86df87ca7a92701,
        type: 3}
      propertyPath: m_LocalPosition.x
      value: -0
      objectReference: {fileID: 0}
    - target: {fileID: 2905684095682209765, guid: e189f0a279851594b86df87ca7a92701,
        type: 3}
      propertyPath: m_LocalPosition.y
      value: 0
      objectReference: {fileID: 0}
    - target: {fileID: 2905684095682209765, guid: e189f0a279851594b86df87ca7a92701,
        type: 3}
      propertyPath: m_LocalPosition.z
      value: 0
      objectReference: {fileID: 0}
    - target: {fileID: 2905684095682209765, guid: e189f0a279851594b86df87ca7a92701,
        type: 3}
      propertyPath: m_LocalRotation.x
      value: 0
      objectReference: {fileID: 0}
    - target: {fileID: 2905684095682209765, guid: e189f0a279851594b86df87ca7a92701,
        type: 3}
      propertyPath: m_LocalRotation.y
      value: 0.7071068
      objectReference: {fileID: 0}
    - target: {fileID: 2905684095682209765, guid: e189f0a279851594b86df87ca7a92701,
        type: 3}
      propertyPath: m_LocalRotation.z
      value: 0
      objectReference: {fileID: 0}
    - target: {fileID: 2905684095682209765, guid: e189f0a279851594b86df87ca7a92701,
        type: 3}
      propertyPath: m_LocalRotation.w
      value: 0.7071068
      objectReference: {fileID: 0}
    - target: {fileID: 2905684095682209765, guid: e189f0a279851594b86df87ca7a92701,
        type: 3}
      propertyPath: m_RootOrder
      value: 0
      objectReference: {fileID: 0}
    - target: {fileID: 2905684095682209765, guid: e189f0a279851594b86df87ca7a92701,
        type: 3}
      propertyPath: m_LocalEulerAnglesHint.x
      value: 0
      objectReference: {fileID: 0}
    - target: {fileID: 2905684095682209765, guid: e189f0a279851594b86df87ca7a92701,
        type: 3}
      propertyPath: m_LocalEulerAnglesHint.y
      value: 90
      objectReference: {fileID: 0}
    - target: {fileID: 2905684095682209765, guid: e189f0a279851594b86df87ca7a92701,
        type: 3}
      propertyPath: m_LocalEulerAnglesHint.z
      value: 0
      objectReference: {fileID: 0}
    - target: {fileID: 8275048402472278134, guid: e189f0a279851594b86df87ca7a92701,
        type: 3}
      propertyPath: dalay
      value: 0
      objectReference: {fileID: 0}
    m_RemovedComponents: []
  m_SourcePrefab: {fileID: 100100000, guid: e189f0a279851594b86df87ca7a92701, type: 3}
--- !u!4 &2258031070563351194 stripped
Transform:
  m_CorrespondingSourceObject: {fileID: 2905684095682209765, guid: e189f0a279851594b86df87ca7a92701,
    type: 3}
  m_PrefabInstance: {fileID: 3964631129781886335}
  m_PrefabAsset: {fileID: 0}
--- !u!1001 &3964631129789911992
PrefabInstance:
  m_ObjectHideFlags: 0
  serializedVersion: 2
  m_Modification:
    m_TransformParent: {fileID: 3964631129709627518}
    m_Modifications:
    - target: {fileID: 2164060515305068022, guid: e189f0a279851594b86df87ca7a92701,
        type: 3}
      propertyPath: m_Name
      value: Waves (3)
      objectReference: {fileID: 0}
    - target: {fileID: 2905684095682209765, guid: e189f0a279851594b86df87ca7a92701,
        type: 3}
      propertyPath: m_LocalPosition.x
      value: -6.64
      objectReference: {fileID: 0}
    - target: {fileID: 2905684095682209765, guid: e189f0a279851594b86df87ca7a92701,
        type: 3}
      propertyPath: m_LocalPosition.y
      value: 0
      objectReference: {fileID: 0}
    - target: {fileID: 2905684095682209765, guid: e189f0a279851594b86df87ca7a92701,
        type: 3}
      propertyPath: m_LocalPosition.z
      value: 0.66
      objectReference: {fileID: 0}
    - target: {fileID: 2905684095682209765, guid: e189f0a279851594b86df87ca7a92701,
        type: 3}
      propertyPath: m_LocalRotation.x
      value: 0
      objectReference: {fileID: 0}
    - target: {fileID: 2905684095682209765, guid: e189f0a279851594b86df87ca7a92701,
        type: 3}
      propertyPath: m_LocalRotation.y
      value: 0.7071068
      objectReference: {fileID: 0}
    - target: {fileID: 2905684095682209765, guid: e189f0a279851594b86df87ca7a92701,
        type: 3}
      propertyPath: m_LocalRotation.z
      value: 0
      objectReference: {fileID: 0}
    - target: {fileID: 2905684095682209765, guid: e189f0a279851594b86df87ca7a92701,
        type: 3}
      propertyPath: m_LocalRotation.w
      value: 0.7071068
      objectReference: {fileID: 0}
    - target: {fileID: 2905684095682209765, guid: e189f0a279851594b86df87ca7a92701,
        type: 3}
      propertyPath: m_RootOrder
      value: 3
      objectReference: {fileID: 0}
    - target: {fileID: 2905684095682209765, guid: e189f0a279851594b86df87ca7a92701,
        type: 3}
      propertyPath: m_LocalEulerAnglesHint.x
      value: 0
      objectReference: {fileID: 0}
    - target: {fileID: 2905684095682209765, guid: e189f0a279851594b86df87ca7a92701,
        type: 3}
      propertyPath: m_LocalEulerAnglesHint.y
      value: 90
      objectReference: {fileID: 0}
    - target: {fileID: 2905684095682209765, guid: e189f0a279851594b86df87ca7a92701,
        type: 3}
      propertyPath: m_LocalEulerAnglesHint.z
      value: 0
      objectReference: {fileID: 0}
    - target: {fileID: 8275048402472278134, guid: e189f0a279851594b86df87ca7a92701,
        type: 3}
      propertyPath: dalay
      value: 1
      objectReference: {fileID: 0}
    m_RemovedComponents: []
  m_SourcePrefab: {fileID: 100100000, guid: e189f0a279851594b86df87ca7a92701, type: 3}
--- !u!4 &2258031070554797149 stripped
Transform:
  m_CorrespondingSourceObject: {fileID: 2905684095682209765, guid: e189f0a279851594b86df87ca7a92701,
    type: 3}
  m_PrefabInstance: {fileID: 3964631129789911992}
  m_PrefabAsset: {fileID: 0}
--- !u!1001 &3964631129805480301
PrefabInstance:
  m_ObjectHideFlags: 0
  serializedVersion: 2
  m_Modification:
    m_TransformParent: {fileID: 3964631129709627518}
    m_Modifications:
    - target: {fileID: 2164060515305068022, guid: e189f0a279851594b86df87ca7a92701,
        type: 3}
      propertyPath: m_Name
      value: Waves (11)
      objectReference: {fileID: 0}
    - target: {fileID: 2905684095682209765, guid: e189f0a279851594b86df87ca7a92701,
        type: 3}
      propertyPath: m_LocalPosition.x
      value: -33.74
      objectReference: {fileID: 0}
    - target: {fileID: 2905684095682209765, guid: e189f0a279851594b86df87ca7a92701,
        type: 3}
      propertyPath: m_LocalPosition.y
      value: 0
      objectReference: {fileID: 0}
    - target: {fileID: 2905684095682209765, guid: e189f0a279851594b86df87ca7a92701,
        type: 3}
      propertyPath: m_LocalPosition.z
      value: 2.35
      objectReference: {fileID: 0}
    - target: {fileID: 2905684095682209765, guid: e189f0a279851594b86df87ca7a92701,
        type: 3}
      propertyPath: m_LocalRotation.x
      value: 0
      objectReference: {fileID: 0}
    - target: {fileID: 2905684095682209765, guid: e189f0a279851594b86df87ca7a92701,
        type: 3}
      propertyPath: m_LocalRotation.y
      value: 0.7071068
      objectReference: {fileID: 0}
    - target: {fileID: 2905684095682209765, guid: e189f0a279851594b86df87ca7a92701,
        type: 3}
      propertyPath: m_LocalRotation.z
      value: 0
      objectReference: {fileID: 0}
    - target: {fileID: 2905684095682209765, guid: e189f0a279851594b86df87ca7a92701,
        type: 3}
      propertyPath: m_LocalRotation.w
      value: 0.7071068
      objectReference: {fileID: 0}
    - target: {fileID: 2905684095682209765, guid: e189f0a279851594b86df87ca7a92701,
        type: 3}
      propertyPath: m_RootOrder
      value: 11
      objectReference: {fileID: 0}
    - target: {fileID: 2905684095682209765, guid: e189f0a279851594b86df87ca7a92701,
        type: 3}
      propertyPath: m_LocalEulerAnglesHint.x
      value: 0
      objectReference: {fileID: 0}
    - target: {fileID: 2905684095682209765, guid: e189f0a279851594b86df87ca7a92701,
        type: 3}
      propertyPath: m_LocalEulerAnglesHint.y
      value: 90
      objectReference: {fileID: 0}
    - target: {fileID: 2905684095682209765, guid: e189f0a279851594b86df87ca7a92701,
        type: 3}
      propertyPath: m_LocalEulerAnglesHint.z
      value: 0
      objectReference: {fileID: 0}
    - target: {fileID: 8275048402472278134, guid: e189f0a279851594b86df87ca7a92701,
        type: 3}
      propertyPath: dalay
      value: 7
      objectReference: {fileID: 0}
    m_RemovedComponents: []
  m_SourcePrefab: {fileID: 100100000, guid: e189f0a279851594b86df87ca7a92701, type: 3}
--- !u!4 &2258031070570153608 stripped
Transform:
  m_CorrespondingSourceObject: {fileID: 2905684095682209765, guid: e189f0a279851594b86df87ca7a92701,
    type: 3}
  m_PrefabInstance: {fileID: 3964631129805480301}
  m_PrefabAsset: {fileID: 0}
--- !u!1001 &3964631130168288354
PrefabInstance:
  m_ObjectHideFlags: 0
  serializedVersion: 2
  m_Modification:
    m_TransformParent: {fileID: 3964631129709627518}
    m_Modifications:
    - target: {fileID: 2164060515305068022, guid: e189f0a279851594b86df87ca7a92701,
        type: 3}
      propertyPath: m_Name
      value: Waves (12)
      objectReference: {fileID: 0}
    - target: {fileID: 2905684095682209765, guid: e189f0a279851594b86df87ca7a92701,
        type: 3}
      propertyPath: m_LocalPosition.x
      value: -38.73
      objectReference: {fileID: 0}
    - target: {fileID: 2905684095682209765, guid: e189f0a279851594b86df87ca7a92701,
        type: 3}
      propertyPath: m_LocalPosition.y
      value: 0
      objectReference: {fileID: 0}
    - target: {fileID: 2905684095682209765, guid: e189f0a279851594b86df87ca7a92701,
        type: 3}
      propertyPath: m_LocalPosition.z
      value: 0.81
      objectReference: {fileID: 0}
    - target: {fileID: 2905684095682209765, guid: e189f0a279851594b86df87ca7a92701,
        type: 3}
      propertyPath: m_LocalRotation.x
      value: 0
      objectReference: {fileID: 0}
    - target: {fileID: 2905684095682209765, guid: e189f0a279851594b86df87ca7a92701,
        type: 3}
      propertyPath: m_LocalRotation.y
      value: 0.7071068
      objectReference: {fileID: 0}
    - target: {fileID: 2905684095682209765, guid: e189f0a279851594b86df87ca7a92701,
        type: 3}
      propertyPath: m_LocalRotation.z
      value: 0
      objectReference: {fileID: 0}
    - target: {fileID: 2905684095682209765, guid: e189f0a279851594b86df87ca7a92701,
        type: 3}
      propertyPath: m_LocalRotation.w
      value: 0.7071068
      objectReference: {fileID: 0}
    - target: {fileID: 2905684095682209765, guid: e189f0a279851594b86df87ca7a92701,
        type: 3}
      propertyPath: m_RootOrder
      value: 12
      objectReference: {fileID: 0}
    - target: {fileID: 2905684095682209765, guid: e189f0a279851594b86df87ca7a92701,
        type: 3}
      propertyPath: m_LocalEulerAnglesHint.x
      value: 0
      objectReference: {fileID: 0}
    - target: {fileID: 2905684095682209765, guid: e189f0a279851594b86df87ca7a92701,
        type: 3}
      propertyPath: m_LocalEulerAnglesHint.y
      value: 90
      objectReference: {fileID: 0}
    - target: {fileID: 2905684095682209765, guid: e189f0a279851594b86df87ca7a92701,
        type: 3}
      propertyPath: m_LocalEulerAnglesHint.z
      value: 0
      objectReference: {fileID: 0}
    - target: {fileID: 8275048402472278134, guid: e189f0a279851594b86df87ca7a92701,
        type: 3}
      propertyPath: dalay
      value: 8
      objectReference: {fileID: 0}
    m_RemovedComponents: []
  m_SourcePrefab: {fileID: 100100000, guid: e189f0a279851594b86df87ca7a92701, type: 3}
--- !u!4 &2258031070945543047 stripped
Transform:
  m_CorrespondingSourceObject: {fileID: 2905684095682209765, guid: e189f0a279851594b86df87ca7a92701,
    type: 3}
  m_PrefabInstance: {fileID: 3964631130168288354}
  m_PrefabAsset: {fileID: 0}
--- !u!1001 &3964631130194876613
PrefabInstance:
  m_ObjectHideFlags: 0
  serializedVersion: 2
  m_Modification:
    m_TransformParent: {fileID: 3964631129709627518}
    m_Modifications:
    - target: {fileID: 2164060515305068022, guid: e189f0a279851594b86df87ca7a92701,
        type: 3}
      propertyPath: m_Name
      value: Waves (4)
      objectReference: {fileID: 0}
    - target: {fileID: 2905684095682209765, guid: e189f0a279851594b86df87ca7a92701,
        type: 3}
      propertyPath: m_LocalPosition.x
      value: -10.2
      objectReference: {fileID: 0}
    - target: {fileID: 2905684095682209765, guid: e189f0a279851594b86df87ca7a92701,
        type: 3}
      propertyPath: m_LocalPosition.y
      value: 0
      objectReference: {fileID: 0}
    - target: {fileID: 2905684095682209765, guid: e189f0a279851594b86df87ca7a92701,
        type: 3}
      propertyPath: m_LocalPosition.z
      value: 3.89
      objectReference: {fileID: 0}
    - target: {fileID: 2905684095682209765, guid: e189f0a279851594b86df87ca7a92701,
        type: 3}
      propertyPath: m_LocalRotation.x
      value: 0
      objectReference: {fileID: 0}
    - target: {fileID: 2905684095682209765, guid: e189f0a279851594b86df87ca7a92701,
        type: 3}
      propertyPath: m_LocalRotation.y
      value: 0.7071068
      objectReference: {fileID: 0}
    - target: {fileID: 2905684095682209765, guid: e189f0a279851594b86df87ca7a92701,
        type: 3}
      propertyPath: m_LocalRotation.z
      value: 0
      objectReference: {fileID: 0}
    - target: {fileID: 2905684095682209765, guid: e189f0a279851594b86df87ca7a92701,
        type: 3}
      propertyPath: m_LocalRotation.w
      value: 0.7071068
      objectReference: {fileID: 0}
    - target: {fileID: 2905684095682209765, guid: e189f0a279851594b86df87ca7a92701,
        type: 3}
      propertyPath: m_RootOrder
      value: 4
      objectReference: {fileID: 0}
    - target: {fileID: 2905684095682209765, guid: e189f0a279851594b86df87ca7a92701,
        type: 3}
      propertyPath: m_LocalEulerAnglesHint.x
      value: 0
      objectReference: {fileID: 0}
    - target: {fileID: 2905684095682209765, guid: e189f0a279851594b86df87ca7a92701,
        type: 3}
      propertyPath: m_LocalEulerAnglesHint.y
      value: 90
      objectReference: {fileID: 0}
    - target: {fileID: 2905684095682209765, guid: e189f0a279851594b86df87ca7a92701,
        type: 3}
      propertyPath: m_LocalEulerAnglesHint.z
      value: 0
      objectReference: {fileID: 0}
    - target: {fileID: 4629084161374794973, guid: e189f0a279851594b86df87ca7a92701,
        type: 3}
      propertyPath: m_LocalPosition.z
      value: 4.9
      objectReference: {fileID: 0}
    - target: {fileID: 8275048402472278134, guid: e189f0a279851594b86df87ca7a92701,
        type: 3}
      propertyPath: dalay
      value: 0.3
      objectReference: {fileID: 0}
    m_RemovedComponents: []
  m_SourcePrefab: {fileID: 100100000, guid: e189f0a279851594b86df87ca7a92701, type: 3}
--- !u!4 &2258031070955667232 stripped
Transform:
  m_CorrespondingSourceObject: {fileID: 2905684095682209765, guid: e189f0a279851594b86df87ca7a92701,
    type: 3}
  m_PrefabInstance: {fileID: 3964631130194876613}
  m_PrefabAsset: {fileID: 0}
--- !u!1001 &3964631130201697062
PrefabInstance:
  m_ObjectHideFlags: 0
  serializedVersion: 2
  m_Modification:
    m_TransformParent: {fileID: 3964631129709627518}
    m_Modifications:
    - target: {fileID: 2164060515305068022, guid: e189f0a279851594b86df87ca7a92701,
        type: 3}
      propertyPath: m_Name
      value: Waves (6)
      objectReference: {fileID: 0}
    - target: {fileID: 2905684095682209765, guid: e189f0a279851594b86df87ca7a92701,
        type: 3}
      propertyPath: m_LocalPosition.x
      value: -13.96
      objectReference: {fileID: 0}
    - target: {fileID: 2905684095682209765, guid: e189f0a279851594b86df87ca7a92701,
        type: 3}
      propertyPath: m_LocalPosition.y
      value: 0
      objectReference: {fileID: 0}
    - target: {fileID: 2905684095682209765, guid: e189f0a279851594b86df87ca7a92701,
        type: 3}
      propertyPath: m_LocalPosition.z
      value: 2.33
      objectReference: {fileID: 0}
    - target: {fileID: 2905684095682209765, guid: e189f0a279851594b86df87ca7a92701,
        type: 3}
      propertyPath: m_LocalRotation.x
      value: 0
      objectReference: {fileID: 0}
    - target: {fileID: 2905684095682209765, guid: e189f0a279851594b86df87ca7a92701,
        type: 3}
      propertyPath: m_LocalRotation.y
      value: 0.7071068
      objectReference: {fileID: 0}
    - target: {fileID: 2905684095682209765, guid: e189f0a279851594b86df87ca7a92701,
        type: 3}
      propertyPath: m_LocalRotation.z
      value: 0
      objectReference: {fileID: 0}
    - target: {fileID: 2905684095682209765, guid: e189f0a279851594b86df87ca7a92701,
        type: 3}
      propertyPath: m_LocalRotation.w
      value: 0.7071068
      objectReference: {fileID: 0}
    - target: {fileID: 2905684095682209765, guid: e189f0a279851594b86df87ca7a92701,
        type: 3}
      propertyPath: m_RootOrder
      value: 6
      objectReference: {fileID: 0}
    - target: {fileID: 2905684095682209765, guid: e189f0a279851594b86df87ca7a92701,
        type: 3}
      propertyPath: m_LocalEulerAnglesHint.x
      value: 0
      objectReference: {fileID: 0}
    - target: {fileID: 2905684095682209765, guid: e189f0a279851594b86df87ca7a92701,
        type: 3}
      propertyPath: m_LocalEulerAnglesHint.y
      value: 90
      objectReference: {fileID: 0}
    - target: {fileID: 2905684095682209765, guid: e189f0a279851594b86df87ca7a92701,
        type: 3}
      propertyPath: m_LocalEulerAnglesHint.z
      value: 0
      objectReference: {fileID: 0}
    - target: {fileID: 8275048402472278134, guid: e189f0a279851594b86df87ca7a92701,
        type: 3}
      propertyPath: dalay
      value: 2
      objectReference: {fileID: 0}
    m_RemovedComponents: []
  m_SourcePrefab: {fileID: 100100000, guid: e189f0a279851594b86df87ca7a92701, type: 3}
--- !u!4 &2258031070979247299 stripped
Transform:
  m_CorrespondingSourceObject: {fileID: 2905684095682209765, guid: e189f0a279851594b86df87ca7a92701,
    type: 3}
  m_PrefabInstance: {fileID: 3964631130201697062}
  m_PrefabAsset: {fileID: 0}
--- !u!1001 &3964631130296911770
PrefabInstance:
  m_ObjectHideFlags: 0
  serializedVersion: 2
  m_Modification:
    m_TransformParent: {fileID: 3964631129709627518}
    m_Modifications:
    - target: {fileID: 2164060515305068022, guid: e189f0a279851594b86df87ca7a92701,
        type: 3}
      propertyPath: m_Name
      value: Waves (10)
      objectReference: {fileID: 0}
    - target: {fileID: 2905684095682209765, guid: e189f0a279851594b86df87ca7a92701,
        type: 3}
      propertyPath: m_LocalPosition.x
      value: -29.71
      objectReference: {fileID: 0}
    - target: {fileID: 2905684095682209765, guid: e189f0a279851594b86df87ca7a92701,
        type: 3}
      propertyPath: m_LocalPosition.y
      value: 0
      objectReference: {fileID: 0}
    - target: {fileID: 2905684095682209765, guid: e189f0a279851594b86df87ca7a92701,
        type: 3}
      propertyPath: m_LocalPosition.z
      value: 0.31
      objectReference: {fileID: 0}
    - target: {fileID: 2905684095682209765, guid: e189f0a279851594b86df87ca7a92701,
        type: 3}
      propertyPath: m_LocalRotation.x
      value: 0
      objectReference: {fileID: 0}
    - target: {fileID: 2905684095682209765, guid: e189f0a279851594b86df87ca7a92701,
        type: 3}
      propertyPath: m_LocalRotation.y
      value: 0.7071068
      objectReference: {fileID: 0}
    - target: {fileID: 2905684095682209765, guid: e189f0a279851594b86df87ca7a92701,
        type: 3}
      propertyPath: m_LocalRotation.z
      value: 0
      objectReference: {fileID: 0}
    - target: {fileID: 2905684095682209765, guid: e189f0a279851594b86df87ca7a92701,
        type: 3}
      propertyPath: m_LocalRotation.w
      value: 0.7071068
      objectReference: {fileID: 0}
    - target: {fileID: 2905684095682209765, guid: e189f0a279851594b86df87ca7a92701,
        type: 3}
      propertyPath: m_RootOrder
      value: 10
      objectReference: {fileID: 0}
    - target: {fileID: 2905684095682209765, guid: e189f0a279851594b86df87ca7a92701,
        type: 3}
      propertyPath: m_LocalEulerAnglesHint.x
      value: 0
      objectReference: {fileID: 0}
    - target: {fileID: 2905684095682209765, guid: e189f0a279851594b86df87ca7a92701,
        type: 3}
      propertyPath: m_LocalEulerAnglesHint.y
      value: 90
      objectReference: {fileID: 0}
    - target: {fileID: 2905684095682209765, guid: e189f0a279851594b86df87ca7a92701,
        type: 3}
      propertyPath: m_LocalEulerAnglesHint.z
      value: 0
      objectReference: {fileID: 0}
    - target: {fileID: 8275048402472278134, guid: e189f0a279851594b86df87ca7a92701,
        type: 3}
      propertyPath: dalay
      value: 6
      objectReference: {fileID: 0}
    m_RemovedComponents: []
  m_SourcePrefab: {fileID: 100100000, guid: e189f0a279851594b86df87ca7a92701, type: 3}
--- !u!4 &2258031071061762175 stripped
Transform:
  m_CorrespondingSourceObject: {fileID: 2905684095682209765, guid: e189f0a279851594b86df87ca7a92701,
    type: 3}
  m_PrefabInstance: {fileID: 3964631130296911770}
  m_PrefabAsset: {fileID: 0}
