%YAML 1.1
%TAG !u! tag:unity3d.com,2011:
--- !u!1 &1802461951565447528
GameObject:
  m_ObjectHideFlags: 0
  m_CorrespondingSourceObject: {fileID: 0}
  m_PrefabInstance: {fileID: 0}
  m_PrefabAsset: {fileID: 0}
  serializedVersion: 6
  m_Component:
  - component: {fileID: 1802461951565447531}
  - component: {fileID: 902209532221131301}
  m_Layer: 0
  m_Name: PiranhaShoal
  m_TagString: Untagged
  m_Icon: {fileID: 0}
  m_NavMeshLayer: 0
  m_StaticEditorFlags: 0
  m_IsActive: 1
--- !u!4 &1802461951565447531
Transform:
  m_ObjectHideFlags: 0
  m_CorrespondingSourceObject: {fileID: 0}
  m_PrefabInstance: {fileID: 0}
  m_PrefabAsset: {fileID: 0}
  m_GameObject: {fileID: 1802461951565447528}
  m_LocalRotation: {x: 0, y: 0, z: 0, w: 1}
  m_LocalPosition: {x: 0, y: 0, z: 0}
  m_LocalScale: {x: 1, y: 1, z: 1}
  m_Children:
  - {fileID: 1842551288351932653}
  - {fileID: 7373673765838639185}
  - {fileID: 5200472262753443813}
  m_Father: {fileID: 0}
  m_RootOrder: 0
  m_LocalEulerAnglesHint: {x: 0, y: 0, z: 0}
--- !u!114 &902209532221131301
MonoBehaviour:
  m_ObjectHideFlags: 0
  m_CorrespondingSourceObject: {fileID: 0}
  m_PrefabInstance: {fileID: 0}
  m_PrefabAsset: {fileID: 0}
  m_GameObject: {fileID: 1802461951565447528}
  m_Enabled: 1
  m_EditorHideFlags: 0
  m_Script: {fileID: 11500000, guid: 3fd5d968a86c0ce4ea15da1ab215c7a3, type: 3}
  m_Name: 
  m_EditorClassIdentifier: 
--- !u!1001 &1802461950362827393
PrefabInstance:
  m_ObjectHideFlags: 0
  serializedVersion: 2
  m_Modification:
    m_TransformParent: {fileID: 1802461951565447531}
    m_Modifications:
    - target: {fileID: 41006537383049836, guid: f5b3b86e4cc78fa4d9779445a477398a,
        type: 3}
      propertyPath: m_LocalPosition.x
      value: 4.68
      objectReference: {fileID: 0}
    - target: {fileID: 41006537383049836, guid: f5b3b86e4cc78fa4d9779445a477398a,
        type: 3}
      propertyPath: m_LocalPosition.y
      value: 3.12
      objectReference: {fileID: 0}
    - target: {fileID: 41006537383049836, guid: f5b3b86e4cc78fa4d9779445a477398a,
        type: 3}
      propertyPath: m_LocalPosition.z
      value: 0
      objectReference: {fileID: 0}
    - target: {fileID: 41006537383049836, guid: f5b3b86e4cc78fa4d9779445a477398a,
        type: 3}
      propertyPath: m_LocalRotation.x
      value: -0
      objectReference: {fileID: 0}
    - target: {fileID: 41006537383049836, guid: f5b3b86e4cc78fa4d9779445a477398a,
        type: 3}
      propertyPath: m_LocalRotation.y
      value: -0
      objectReference: {fileID: 0}
    - target: {fileID: 41006537383049836, guid: f5b3b86e4cc78fa4d9779445a477398a,
        type: 3}
      propertyPath: m_LocalRotation.z
      value: -0
      objectReference: {fileID: 0}
    - target: {fileID: 41006537383049836, guid: f5b3b86e4cc78fa4d9779445a477398a,
        type: 3}
      propertyPath: m_LocalRotation.w
      value: 1
      objectReference: {fileID: 0}
    - target: {fileID: 41006537383049836, guid: f5b3b86e4cc78fa4d9779445a477398a,
        type: 3}
      propertyPath: m_RootOrder
      value: 0
      objectReference: {fileID: 0}
    - target: {fileID: 41006537383049836, guid: f5b3b86e4cc78fa4d9779445a477398a,
        type: 3}
      propertyPath: m_LocalEulerAnglesHint.x
      value: 0
      objectReference: {fileID: 0}
    - target: {fileID: 41006537383049836, guid: f5b3b86e4cc78fa4d9779445a477398a,
        type: 3}
      propertyPath: m_LocalEulerAnglesHint.y
      value: 0
      objectReference: {fileID: 0}
    - target: {fileID: 41006537383049836, guid: f5b3b86e4cc78fa4d9779445a477398a,
        type: 3}
      propertyPath: m_LocalEulerAnglesHint.z
      value: 0
      objectReference: {fileID: 0}
    - target: {fileID: 7794998334276372925, guid: f5b3b86e4cc78fa4d9779445a477398a,
        type: 3}
      propertyPath: m_Name
      value: piranha
      objectReference: {fileID: 0}
    - target: {fileID: 7794998334276372925, guid: f5b3b86e4cc78fa4d9779445a477398a,
        type: 3}
      propertyPath: m_IsActive
      value: 0
      objectReference: {fileID: 0}
    m_RemovedComponents: []
  m_SourcePrefab: {fileID: 100100000, guid: f5b3b86e4cc78fa4d9779445a477398a, type: 3}
--- !u!4 &1842551288351932653 stripped
Transform:
  m_CorrespondingSourceObject: {fileID: 41006537383049836, guid: f5b3b86e4cc78fa4d9779445a477398a,
    type: 3}
  m_PrefabInstance: {fileID: 1802461950362827393}
  m_PrefabAsset: {fileID: 0}
--- !u!1001 &5240614100943218057
PrefabInstance:
  m_ObjectHideFlags: 0
  serializedVersion: 2
  m_Modification:
    m_TransformParent: {fileID: 1802461951565447531}
    m_Modifications:
    - target: {fileID: 41006537383049836, guid: f5b3b86e4cc78fa4d9779445a477398a,
        type: 3}
      propertyPath: m_LocalPosition.x
      value: 5.77
      objectReference: {fileID: 0}
    - target: {fileID: 41006537383049836, guid: f5b3b86e4cc78fa4d9779445a477398a,
        type: 3}
      propertyPath: m_LocalPosition.y
      value: 3.12
      objectReference: {fileID: 0}
    - target: {fileID: 41006537383049836, guid: f5b3b86e4cc78fa4d9779445a477398a,
        type: 3}
      propertyPath: m_LocalPosition.z
      value: 0
      objectReference: {fileID: 0}
    - target: {fileID: 41006537383049836, guid: f5b3b86e4cc78fa4d9779445a477398a,
        type: 3}
      propertyPath: m_LocalRotation.x
      value: -0
      objectReference: {fileID: 0}
    - target: {fileID: 41006537383049836, guid: f5b3b86e4cc78fa4d9779445a477398a,
        type: 3}
      propertyPath: m_LocalRotation.y
      value: -0
      objectReference: {fileID: 0}
    - target: {fileID: 41006537383049836, guid: f5b3b86e4cc78fa4d9779445a477398a,
        type: 3}
      propertyPath: m_LocalRotation.z
      value: -0
      objectReference: {fileID: 0}
    - target: {fileID: 41006537383049836, guid: f5b3b86e4cc78fa4d9779445a477398a,
        type: 3}
      propertyPath: m_LocalRotation.w
      value: 1
      objectReference: {fileID: 0}
    - target: {fileID: 41006537383049836, guid: f5b3b86e4cc78fa4d9779445a477398a,
        type: 3}
      propertyPath: m_RootOrder
      value: 2
      objectReference: {fileID: 0}
    - target: {fileID: 41006537383049836, guid: f5b3b86e4cc78fa4d9779445a477398a,
        type: 3}
      propertyPath: m_LocalEulerAnglesHint.x
      value: 0
      objectReference: {fileID: 0}
    - target: {fileID: 41006537383049836, guid: f5b3b86e4cc78fa4d9779445a477398a,
        type: 3}
      propertyPath: m_LocalEulerAnglesHint.y
      value: 0
      objectReference: {fileID: 0}
    - target: {fileID: 41006537383049836, guid: f5b3b86e4cc78fa4d9779445a477398a,
        type: 3}
      propertyPath: m_LocalEulerAnglesHint.z
      value: 0
      objectReference: {fileID: 0}
    - target: {fileID: 7794998334276372925, guid: f5b3b86e4cc78fa4d9779445a477398a,
        type: 3}
      propertyPath: m_Name
      value: piranha (2)
      objectReference: {fileID: 0}
    - target: {fileID: 7794998334276372925, guid: f5b3b86e4cc78fa4d9779445a477398a,
        type: 3}
      propertyPath: m_IsActive
      value: 0
      objectReference: {fileID: 0}
    m_RemovedComponents: []
  m_SourcePrefab: {fileID: 100100000, guid: f5b3b86e4cc78fa4d9779445a477398a, type: 3}
--- !u!4 &5200472262753443813 stripped
Transform:
  m_CorrespondingSourceObject: {fileID: 41006537383049836, guid: f5b3b86e4cc78fa4d9779445a477398a,
    type: 3}
  m_PrefabInstance: {fileID: 5240614100943218057}
  m_PrefabAsset: {fileID: 0}
--- !u!1001 &7405362556417780285
PrefabInstance:
  m_ObjectHideFlags: 0
  serializedVersion: 2
  m_Modification:
    m_TransformParent: {fileID: 1802461951565447531}
    m_Modifications:
    - target: {fileID: 41006537383049836, guid: f5b3b86e4cc78fa4d9779445a477398a,
        type: 3}
      propertyPath: m_LocalPosition.x
      value: 3.59
      objectReference: {fileID: 0}
    - target: {fileID: 41006537383049836, guid: f5b3b86e4cc78fa4d9779445a477398a,
        type: 3}
      propertyPath: m_LocalPosition.y
      value: 3.12
      objectReference: {fileID: 0}
    - target: {fileID: 41006537383049836, guid: f5b3b86e4cc78fa4d9779445a477398a,
        type: 3}
      propertyPath: m_LocalPosition.z
      value: 0
      objectReference: {fileID: 0}
    - target: {fileID: 41006537383049836, guid: f5b3b86e4cc78fa4d9779445a477398a,
        type: 3}
      propertyPath: m_LocalRotation.x
      value: -0
      objectReference: {fileID: 0}
    - target: {fileID: 41006537383049836, guid: f5b3b86e4cc78fa4d9779445a477398a,
        type: 3}
      propertyPath: m_LocalRotation.y
      value: -0
      objectReference: {fileID: 0}
    - target: {fileID: 41006537383049836, guid: f5b3b86e4cc78fa4d9779445a477398a,
        type: 3}
      propertyPath: m_LocalRotation.z
      value: -0
      objectReference: {fileID: 0}
    - target: {fileID: 41006537383049836, guid: f5b3b86e4cc78fa4d9779445a477398a,
        type: 3}
      propertyPath: m_LocalRotation.w
      value: 1
      objectReference: {fileID: 0}
    - target: {fileID: 41006537383049836, guid: f5b3b86e4cc78fa4d9779445a477398a,
        type: 3}
      propertyPath: m_RootOrder
      value: 1
      objectReference: {fileID: 0}
    - target: {fileID: 41006537383049836, guid: f5b3b86e4cc78fa4d9779445a477398a,
        type: 3}
      propertyPath: m_LocalEulerAnglesHint.x
      value: 0
      objectReference: {fileID: 0}
    - target: {fileID: 41006537383049836, guid: f5b3b86e4cc78fa4d9779445a477398a,
        type: 3}
      propertyPath: m_LocalEulerAnglesHint.y
      value: 0
      objectReference: {fileID: 0}
    - target: {fileID: 41006537383049836, guid: f5b3b86e4cc78fa4d9779445a477398a,
        type: 3}
      propertyPath: m_LocalEulerAnglesHint.z
      value: 0
      objectReference: {fileID: 0}
    - target: {fileID: 7794998334276372925, guid: f5b3b86e4cc78fa4d9779445a477398a,
        type: 3}
      propertyPath: m_Name
      value: piranha (1)
      objectReference: {fileID: 0}
    - target: {fileID: 7794998334276372925, guid: f5b3b86e4cc78fa4d9779445a477398a,
        type: 3}
      propertyPath: m_IsActive
      value: 0
      objectReference: {fileID: 0}
    m_RemovedComponents: []
  m_SourcePrefab: {fileID: 100100000, guid: f5b3b86e4cc78fa4d9779445a477398a, type: 3}
--- !u!4 &7373673765838639185 stripped
Transform:
  m_CorrespondingSourceObject: {fileID: 41006537383049836, guid: f5b3b86e4cc78fa4d9779445a477398a,
    type: 3}
  m_PrefabInstance: {fileID: 7405362556417780285}
  m_PrefabAsset: {fileID: 0}
