%YAML 1.1
%TAG !u! tag:unity3d.com,2011:
--- !u!1001 &915704176746753297
PrefabInstance:
  m_ObjectHideFlags: 0
  serializedVersion: 2
  m_Modification:
    m_TransformParent: {fileID: 5145762496211978527}
    m_Modifications:
    - target: {fileID: -4216859302048453862, guid: bbf9e249a5829474387b87769881cbe0,
        type: 3}
      propertyPath: m_LocalPosition.x
      value: 0
      objectReference: {fileID: 0}
    - target: {fileID: -4216859302048453862, guid: bbf9e249a5829474387b87769881cbe0,
        type: 3}
      propertyPath: m_LocalPosition.y
      value: 0
      objectReference: {fileID: 0}
    - target: {fileID: -4216859302048453862, guid: bbf9e249a5829474387b87769881cbe0,
        type: 3}
      propertyPath: m_LocalPosition.z
      value: 0
      objectReference: {fileID: 0}
    - target: {fileID: -4216859302048453862, guid: bbf9e249a5829474387b87769881cbe0,
        type: 3}
      propertyPath: m_LocalRotation.x
      value: -0
      objectReference: {fileID: 0}
    - target: {fileID: -4216859302048453862, guid: bbf9e249a5829474387b87769881cbe0,
        type: 3}
      propertyPath: m_LocalRotation.y
      value: -0
      objectReference: {fileID: 0}
    - target: {fileID: -4216859302048453862, guid: bbf9e249a5829474387b87769881cbe0,
        type: 3}
      propertyPath: m_LocalRotation.z
      value: -0
      objectReference: {fileID: 0}
    - target: {fileID: -4216859302048453862, guid: bbf9e249a5829474387b87769881cbe0,
        type: 3}
      propertyPath: m_LocalRotation.w
      value: 1
      objectReference: {fileID: 0}
    - target: {fileID: -4216859302048453862, guid: bbf9e249a5829474387b87769881cbe0,
        type: 3}
      propertyPath: m_RootOrder
      value: 0
      objectReference: {fileID: 0}
    - target: {fileID: -4216859302048453862, guid: bbf9e249a5829474387b87769881cbe0,
        type: 3}
      propertyPath: m_LocalEulerAnglesHint.x
      value: 0
      objectReference: {fileID: 0}
    - target: {fileID: -4216859302048453862, guid: bbf9e249a5829474387b87769881cbe0,
        type: 3}
      propertyPath: m_LocalEulerAnglesHint.y
      value: 0
      objectReference: {fileID: 0}
    - target: {fileID: -4216859302048453862, guid: bbf9e249a5829474387b87769881cbe0,
        type: 3}
      propertyPath: m_LocalEulerAnglesHint.z
      value: 0
      objectReference: {fileID: 0}
    - target: {fileID: -2416733968201007103, guid: bbf9e249a5829474387b87769881cbe0,
        type: 3}
      propertyPath: m_Materials.Array.data[0]
      value: 
      objectReference: {fileID: 2100000, guid: 2821d9a5c5d6ed94c9f7281211e6c465, type: 2}
    - target: {fileID: -927199367670048503, guid: bbf9e249a5829474387b87769881cbe0,
        type: 3}
      propertyPath: m_Name
      value: human_1-6
      objectReference: {fileID: 0}
    m_RemovedComponents: []
  m_SourcePrefab: {fileID: 100100000, guid: bbf9e249a5829474387b87769881cbe0, type: 3}
--- !u!1001 &1984177832270752857
PrefabInstance:
  m_ObjectHideFlags: 0
  serializedVersion: 2
  m_Modification:
    m_TransformParent: {fileID: 1340960018411452927}
    m_Modifications:
    - target: {fileID: -4216859302048453862, guid: fc831ffa9ea5a5341bc71e90f6f1d86c,
        type: 3}
      propertyPath: m_LocalPosition.x
      value: 0
      objectReference: {fileID: 0}
    - target: {fileID: -4216859302048453862, guid: fc831ffa9ea5a5341bc71e90f6f1d86c,
        type: 3}
      propertyPath: m_LocalPosition.y
      value: 0
      objectReference: {fileID: 0}
    - target: {fileID: -4216859302048453862, guid: fc831ffa9ea5a5341bc71e90f6f1d86c,
        type: 3}
      propertyPath: m_LocalPosition.z
      value: 0
      objectReference: {fileID: 0}
    - target: {fileID: -4216859302048453862, guid: fc831ffa9ea5a5341bc71e90f6f1d86c,
        type: 3}
      propertyPath: m_LocalRotation.x
      value: -0
      objectReference: {fileID: 0}
    - target: {fileID: -4216859302048453862, guid: fc831ffa9ea5a5341bc71e90f6f1d86c,
        type: 3}
      propertyPath: m_LocalRotation.y
      value: -0
      objectReference: {fileID: 0}
    - target: {fileID: -4216859302048453862, guid: fc831ffa9ea5a5341bc71e90f6f1d86c,
        type: 3}
      propertyPath: m_LocalRotation.z
      value: -0
      objectReference: {fileID: 0}
    - target: {fileID: -4216859302048453862, guid: fc831ffa9ea5a5341bc71e90f6f1d86c,
        type: 3}
      propertyPath: m_LocalRotation.w
      value: 1
      objectReference: {fileID: 0}
    - target: {fileID: -4216859302048453862, guid: fc831ffa9ea5a5341bc71e90f6f1d86c,
        type: 3}
      propertyPath: m_RootOrder
      value: 0
      objectReference: {fileID: 0}
    - target: {fileID: -4216859302048453862, guid: fc831ffa9ea5a5341bc71e90f6f1d86c,
        type: 3}
      propertyPath: m_LocalEulerAnglesHint.x
      value: 0
      objectReference: {fileID: 0}
    - target: {fileID: -4216859302048453862, guid: fc831ffa9ea5a5341bc71e90f6f1d86c,
        type: 3}
      propertyPath: m_LocalEulerAnglesHint.y
      value: 0
      objectReference: {fileID: 0}
    - target: {fileID: -4216859302048453862, guid: fc831ffa9ea5a5341bc71e90f6f1d86c,
        type: 3}
      propertyPath: m_LocalEulerAnglesHint.z
      value: 0
      objectReference: {fileID: 0}
    - target: {fileID: -2416733968201007103, guid: fc831ffa9ea5a5341bc71e90f6f1d86c,
        type: 3}
      propertyPath: m_Materials.Array.data[0]
      value: 
      objectReference: {fileID: 2100000, guid: 2821d9a5c5d6ed94c9f7281211e6c465, type: 2}
    - target: {fileID: -927199367670048503, guid: fc831ffa9ea5a5341bc71e90f6f1d86c,
        type: 3}
      propertyPath: m_Name
      value: human_1-4
      objectReference: {fileID: 0}
    m_RemovedComponents: []
  m_SourcePrefab: {fileID: 100100000, guid: fc831ffa9ea5a5341bc71e90f6f1d86c, type: 3}
--- !u!1001 &2602679818262174296
PrefabInstance:
  m_ObjectHideFlags: 0
  serializedVersion: 2
  m_Modification:
    m_TransformParent: {fileID: 5739708822622541269}
    m_Modifications:
    - target: {fileID: -4216859302048453862, guid: 932ec72b963be6b4ca8cd09bd1470260,
        type: 3}
      propertyPath: m_LocalPosition.x
      value: 0
      objectReference: {fileID: 0}
    - target: {fileID: -4216859302048453862, guid: 932ec72b963be6b4ca8cd09bd1470260,
        type: 3}
      propertyPath: m_LocalPosition.y
      value: 0
      objectReference: {fileID: 0}
    - target: {fileID: -4216859302048453862, guid: 932ec72b963be6b4ca8cd09bd1470260,
        type: 3}
      propertyPath: m_LocalPosition.z
      value: 0
      objectReference: {fileID: 0}
    - target: {fileID: -4216859302048453862, guid: 932ec72b963be6b4ca8cd09bd1470260,
        type: 3}
      propertyPath: m_LocalRotation.x
      value: -0
      objectReference: {fileID: 0}
    - target: {fileID: -4216859302048453862, guid: 932ec72b963be6b4ca8cd09bd1470260,
        type: 3}
      propertyPath: m_LocalRotation.y
      value: -0
      objectReference: {fileID: 0}
    - target: {fileID: -4216859302048453862, guid: 932ec72b963be6b4ca8cd09bd1470260,
        type: 3}
      propertyPath: m_LocalRotation.z
      value: -0
      objectReference: {fileID: 0}
    - target: {fileID: -4216859302048453862, guid: 932ec72b963be6b4ca8cd09bd1470260,
        type: 3}
      propertyPath: m_LocalRotation.w
      value: 1
      objectReference: {fileID: 0}
    - target: {fileID: -4216859302048453862, guid: 932ec72b963be6b4ca8cd09bd1470260,
        type: 3}
      propertyPath: m_RootOrder
      value: 0
      objectReference: {fileID: 0}
    - target: {fileID: -4216859302048453862, guid: 932ec72b963be6b4ca8cd09bd1470260,
        type: 3}
      propertyPath: m_LocalEulerAnglesHint.x
      value: 0
      objectReference: {fileID: 0}
    - target: {fileID: -4216859302048453862, guid: 932ec72b963be6b4ca8cd09bd1470260,
        type: 3}
      propertyPath: m_LocalEulerAnglesHint.y
      value: 0
      objectReference: {fileID: 0}
    - target: {fileID: -4216859302048453862, guid: 932ec72b963be6b4ca8cd09bd1470260,
        type: 3}
      propertyPath: m_LocalEulerAnglesHint.z
      value: 0
      objectReference: {fileID: 0}
    - target: {fileID: -2416733968201007103, guid: 932ec72b963be6b4ca8cd09bd1470260,
        type: 3}
      propertyPath: m_Materials.Array.data[0]
      value: 
      objectReference: {fileID: 2100000, guid: 2821d9a5c5d6ed94c9f7281211e6c465, type: 2}
    - target: {fileID: -927199367670048503, guid: 932ec72b963be6b4ca8cd09bd1470260,
        type: 3}
      propertyPath: m_Name
      value: human_1-3
      objectReference: {fileID: 0}
    m_RemovedComponents: []
  m_SourcePrefab: {fileID: 100100000, guid: 932ec72b963be6b4ca8cd09bd1470260, type: 3}
--- !u!1001 &3804367258109961136
PrefabInstance:
  m_ObjectHideFlags: 0
  serializedVersion: 2
  m_Modification:
    m_TransformParent: {fileID: 7192978917572262910}
    m_Modifications:
    - target: {fileID: -4216859302048453862, guid: 182429fa224a6644f9a028dcc49d131c,
        type: 3}
      propertyPath: m_LocalPosition.x
      value: 0
      objectReference: {fileID: 0}
    - target: {fileID: -4216859302048453862, guid: 182429fa224a6644f9a028dcc49d131c,
        type: 3}
      propertyPath: m_LocalPosition.y
      value: 0
      objectReference: {fileID: 0}
    - target: {fileID: -4216859302048453862, guid: 182429fa224a6644f9a028dcc49d131c,
        type: 3}
      propertyPath: m_LocalPosition.z
      value: 0
      objectReference: {fileID: 0}
    - target: {fileID: -4216859302048453862, guid: 182429fa224a6644f9a028dcc49d131c,
        type: 3}
      propertyPath: m_LocalRotation.x
      value: -0
      objectReference: {fileID: 0}
    - target: {fileID: -4216859302048453862, guid: 182429fa224a6644f9a028dcc49d131c,
        type: 3}
      propertyPath: m_LocalRotation.y
      value: -0
      objectReference: {fileID: 0}
    - target: {fileID: -4216859302048453862, guid: 182429fa224a6644f9a028dcc49d131c,
        type: 3}
      propertyPath: m_LocalRotation.z
      value: -0
      objectReference: {fileID: 0}
    - target: {fileID: -4216859302048453862, guid: 182429fa224a6644f9a028dcc49d131c,
        type: 3}
      propertyPath: m_LocalRotation.w
      value: 1
      objectReference: {fileID: 0}
    - target: {fileID: -4216859302048453862, guid: 182429fa224a6644f9a028dcc49d131c,
        type: 3}
      propertyPath: m_RootOrder
      value: 0
      objectReference: {fileID: 0}
    - target: {fileID: -4216859302048453862, guid: 182429fa224a6644f9a028dcc49d131c,
        type: 3}
      propertyPath: m_LocalEulerAnglesHint.x
      value: 0
      objectReference: {fileID: 0}
    - target: {fileID: -4216859302048453862, guid: 182429fa224a6644f9a028dcc49d131c,
        type: 3}
      propertyPath: m_LocalEulerAnglesHint.y
      value: 0
      objectReference: {fileID: 0}
    - target: {fileID: -4216859302048453862, guid: 182429fa224a6644f9a028dcc49d131c,
        type: 3}
      propertyPath: m_LocalEulerAnglesHint.z
      value: 0
      objectReference: {fileID: 0}
    - target: {fileID: -2416733968201007103, guid: 182429fa224a6644f9a028dcc49d131c,
        type: 3}
      propertyPath: m_Materials.Array.data[0]
      value: 
      objectReference: {fileID: 2100000, guid: 2821d9a5c5d6ed94c9f7281211e6c465, type: 2}
    - target: {fileID: -927199367670048503, guid: 182429fa224a6644f9a028dcc49d131c,
        type: 3}
      propertyPath: m_Name
      value: human_1-7
      objectReference: {fileID: 0}
    m_RemovedComponents: []
  m_SourcePrefab: {fileID: 100100000, guid: 182429fa224a6644f9a028dcc49d131c, type: 3}
--- !u!1001 &5587544945392307721
PrefabInstance:
  m_ObjectHideFlags: 0
  serializedVersion: 2
  m_Modification:
    m_TransformParent: {fileID: 395518873692881215}
    m_Modifications:
    - target: {fileID: -4216859302048453862, guid: b8f4176af892b9145a6e1f724bf2c3d9,
        type: 3}
      propertyPath: m_LocalPosition.x
      value: 0
      objectReference: {fileID: 0}
    - target: {fileID: -4216859302048453862, guid: b8f4176af892b9145a6e1f724bf2c3d9,
        type: 3}
      propertyPath: m_LocalPosition.y
      value: 0
      objectReference: {fileID: 0}
    - target: {fileID: -4216859302048453862, guid: b8f4176af892b9145a6e1f724bf2c3d9,
        type: 3}
      propertyPath: m_LocalPosition.z
      value: 0
      objectReference: {fileID: 0}
    - target: {fileID: -4216859302048453862, guid: b8f4176af892b9145a6e1f724bf2c3d9,
        type: 3}
      propertyPath: m_LocalRotation.x
      value: -0
      objectReference: {fileID: 0}
    - target: {fileID: -4216859302048453862, guid: b8f4176af892b9145a6e1f724bf2c3d9,
        type: 3}
      propertyPath: m_LocalRotation.y
      value: -0
      objectReference: {fileID: 0}
    - target: {fileID: -4216859302048453862, guid: b8f4176af892b9145a6e1f724bf2c3d9,
        type: 3}
      propertyPath: m_LocalRotation.z
      value: -0
      objectReference: {fileID: 0}
    - target: {fileID: -4216859302048453862, guid: b8f4176af892b9145a6e1f724bf2c3d9,
        type: 3}
      propertyPath: m_LocalRotation.w
      value: 1
      objectReference: {fileID: 0}
    - target: {fileID: -4216859302048453862, guid: b8f4176af892b9145a6e1f724bf2c3d9,
        type: 3}
      propertyPath: m_RootOrder
      value: 0
      objectReference: {fileID: 0}
    - target: {fileID: -4216859302048453862, guid: b8f4176af892b9145a6e1f724bf2c3d9,
        type: 3}
      propertyPath: m_LocalEulerAnglesHint.x
      value: 0
      objectReference: {fileID: 0}
    - target: {fileID: -4216859302048453862, guid: b8f4176af892b9145a6e1f724bf2c3d9,
        type: 3}
      propertyPath: m_LocalEulerAnglesHint.y
      value: 0
      objectReference: {fileID: 0}
    - target: {fileID: -4216859302048453862, guid: b8f4176af892b9145a6e1f724bf2c3d9,
        type: 3}
      propertyPath: m_LocalEulerAnglesHint.z
      value: 0
      objectReference: {fileID: 0}
    - target: {fileID: -2416733968201007103, guid: b8f4176af892b9145a6e1f724bf2c3d9,
        type: 3}
      propertyPath: m_Materials.Array.data[0]
      value: 
      objectReference: {fileID: 2100000, guid: 2821d9a5c5d6ed94c9f7281211e6c465, type: 2}
    - target: {fileID: -927199367670048503, guid: b8f4176af892b9145a6e1f724bf2c3d9,
        type: 3}
      propertyPath: m_Name
      value: human_1-0
      objectReference: {fileID: 0}
    m_RemovedComponents: []
  m_SourcePrefab: {fileID: 100100000, guid: b8f4176af892b9145a6e1f724bf2c3d9, type: 3}
--- !u!1001 &6866921088931495003
PrefabInstance:
  m_ObjectHideFlags: 0
  serializedVersion: 2
  m_Modification:
    m_TransformParent: {fileID: 6814201545253415284}
    m_Modifications:
    - target: {fileID: -4216859302048453862, guid: 83f5484d98e288b43805026df66d00d3,
        type: 3}
      propertyPath: m_LocalPosition.x
      value: 0
      objectReference: {fileID: 0}
    - target: {fileID: -4216859302048453862, guid: 83f5484d98e288b43805026df66d00d3,
        type: 3}
      propertyPath: m_LocalPosition.y
      value: 0
      objectReference: {fileID: 0}
    - target: {fileID: -4216859302048453862, guid: 83f5484d98e288b43805026df66d00d3,
        type: 3}
      propertyPath: m_LocalPosition.z
      value: 0
      objectReference: {fileID: 0}
    - target: {fileID: -4216859302048453862, guid: 83f5484d98e288b43805026df66d00d3,
        type: 3}
      propertyPath: m_LocalRotation.x
      value: -0
      objectReference: {fileID: 0}
    - target: {fileID: -4216859302048453862, guid: 83f5484d98e288b43805026df66d00d3,
        type: 3}
      propertyPath: m_LocalRotation.y
      value: -0
      objectReference: {fileID: 0}
    - target: {fileID: -4216859302048453862, guid: 83f5484d98e288b43805026df66d00d3,
        type: 3}
      propertyPath: m_LocalRotation.z
      value: -0
      objectReference: {fileID: 0}
    - target: {fileID: -4216859302048453862, guid: 83f5484d98e288b43805026df66d00d3,
        type: 3}
      propertyPath: m_LocalRotation.w
      value: 1
      objectReference: {fileID: 0}
    - target: {fileID: -4216859302048453862, guid: 83f5484d98e288b43805026df66d00d3,
        type: 3}
      propertyPath: m_RootOrder
      value: 0
      objectReference: {fileID: 0}
    - target: {fileID: -4216859302048453862, guid: 83f5484d98e288b43805026df66d00d3,
        type: 3}
      propertyPath: m_LocalEulerAnglesHint.x
      value: 0
      objectReference: {fileID: 0}
    - target: {fileID: -4216859302048453862, guid: 83f5484d98e288b43805026df66d00d3,
        type: 3}
      propertyPath: m_LocalEulerAnglesHint.y
      value: 0
      objectReference: {fileID: 0}
    - target: {fileID: -4216859302048453862, guid: 83f5484d98e288b43805026df66d00d3,
        type: 3}
      propertyPath: m_LocalEulerAnglesHint.z
      value: 0
      objectReference: {fileID: 0}
    - target: {fileID: -2416733968201007103, guid: 83f5484d98e288b43805026df66d00d3,
        type: 3}
      propertyPath: m_Materials.Array.data[0]
      value: 
      objectReference: {fileID: 2100000, guid: 2821d9a5c5d6ed94c9f7281211e6c465, type: 2}
    - target: {fileID: -927199367670048503, guid: 83f5484d98e288b43805026df66d00d3,
        type: 3}
      propertyPath: m_Name
      value: human_1-5
      objectReference: {fileID: 0}
    m_RemovedComponents: []
  m_SourcePrefab: {fileID: 100100000, guid: 83f5484d98e288b43805026df66d00d3, type: 3}
--- !u!1001 &8447370744831791472
PrefabInstance:
  m_ObjectHideFlags: 0
  serializedVersion: 2
  m_Modification:
    m_TransformParent: {fileID: 0}
    m_Modifications:
    - target: {fileID: 1651007799347210894, guid: d70e5335d2e622644aed7ac36aac5138,
        type: 3}
      propertyPath: m_RootOrder
      value: 5
      objectReference: {fileID: 0}
    - target: {fileID: 2089171341926705043, guid: d70e5335d2e622644aed7ac36aac5138,
        type: 3}
      propertyPath: m_Name
      value: Hero_1
      objectReference: {fileID: 0}
    - target: {fileID: 2475792151187411733, guid: d70e5335d2e622644aed7ac36aac5138,
        type: 3}
      propertyPath: m_RootOrder
      value: 0
      objectReference: {fileID: 0}
    - target: {fileID: 2475792151187411733, guid: d70e5335d2e622644aed7ac36aac5138,
        type: 3}
      propertyPath: m_LocalEulerAnglesHint.x
      value: 0
      objectReference: {fileID: 0}
    - target: {fileID: 2475792151187411733, guid: d70e5335d2e622644aed7ac36aac5138,
        type: 3}
      propertyPath: m_LocalEulerAnglesHint.y
      value: 0
      objectReference: {fileID: 0}
    - target: {fileID: 2475792151187411733, guid: d70e5335d2e622644aed7ac36aac5138,
        type: 3}
      propertyPath: m_LocalEulerAnglesHint.z
      value: 0
      objectReference: {fileID: 0}
    - target: {fileID: 3146888987491612676, guid: d70e5335d2e622644aed7ac36aac5138,
        type: 3}
      propertyPath: m_RootOrder
      value: 2
      objectReference: {fileID: 0}
    - target: {fileID: 3626098456806283375, guid: d70e5335d2e622644aed7ac36aac5138,
        type: 3}
      propertyPath: m_RootOrder
      value: 4
      objectReference: {fileID: 0}
    - target: {fileID: 4223422264385619109, guid: d70e5335d2e622644aed7ac36aac5138,
        type: 3}
      propertyPath: m_RootOrder
      value: 3
      objectReference: {fileID: 0}
    - target: {fileID: 7468968088618379407, guid: d70e5335d2e622644aed7ac36aac5138,
        type: 3}
      propertyPath: m_RootOrder
      value: 1
      objectReference: {fileID: 0}
    - target: {fileID: 8090220568497131599, guid: d70e5335d2e622644aed7ac36aac5138,
        type: 3}
      propertyPath: m_RootOrder
      value: 0
      objectReference: {fileID: 0}
    m_RemovedComponents: []
  m_SourcePrefab: {fileID: 100100000, guid: d70e5335d2e622644aed7ac36aac5138, type: 3}
--- !u!4 &395518873692881215 stripped
Transform:
  m_CorrespondingSourceObject: {fileID: 8090220568497131599, guid: d70e5335d2e622644aed7ac36aac5138,
    type: 3}
  m_PrefabInstance: {fileID: 8447370744831791472}
  m_PrefabAsset: {fileID: 0}
--- !u!4 &1340960018411452927 stripped
Transform:
  m_CorrespondingSourceObject: {fileID: 7468968088618379407, guid: d70e5335d2e622644aed7ac36aac5138,
    type: 3}
  m_PrefabInstance: {fileID: 8447370744831791472}
  m_PrefabAsset: {fileID: 0}
--- !u!4 &6814201545253415284 stripped
Transform:
  m_CorrespondingSourceObject: {fileID: 3146888987491612676, guid: d70e5335d2e622644aed7ac36aac5138,
    type: 3}
  m_PrefabInstance: {fileID: 8447370744831791472}
  m_PrefabAsset: {fileID: 0}
--- !u!4 &5739708822622541269 stripped
Transform:
  m_CorrespondingSourceObject: {fileID: 4223422264385619109, guid: d70e5335d2e622644aed7ac36aac5138,
    type: 3}
  m_PrefabInstance: {fileID: 8447370744831791472}
  m_PrefabAsset: {fileID: 0}
--- !u!4 &5145762496211978527 stripped
Transform:
  m_CorrespondingSourceObject: {fileID: 3626098456806283375, guid: d70e5335d2e622644aed7ac36aac5138,
    type: 3}
  m_PrefabInstance: {fileID: 8447370744831791472}
  m_PrefabAsset: {fileID: 0}
--- !u!4 &7192978917572262910 stripped
Transform:
  m_CorrespondingSourceObject: {fileID: 1651007799347210894, guid: d70e5335d2e622644aed7ac36aac5138,
    type: 3}
  m_PrefabInstance: {fileID: 8447370744831791472}
  m_PrefabAsset: {fileID: 0}
