%YAML 1.1
%TAG !u! tag:unity3d.com,2011:
--- !u!1001 &444152499247235451
PrefabInstance:
  m_ObjectHideFlags: 0
  serializedVersion: 2
  m_Modification:
    m_TransformParent: {fileID: 5634528681729399016}
    m_Modifications:
    - target: {fileID: -4216859302048453862, guid: 46212c2f5eba6ba409b44f86db51cafd,
        type: 3}
      propertyPath: m_LocalPosition.x
      value: 0
      objectReference: {fileID: 0}
    - target: {fileID: -4216859302048453862, guid: 46212c2f5eba6ba409b44f86db51cafd,
        type: 3}
      propertyPath: m_LocalPosition.y
      value: 0
      objectReference: {fileID: 0}
    - target: {fileID: -4216859302048453862, guid: 46212c2f5eba6ba409b44f86db51cafd,
        type: 3}
      propertyPath: m_LocalPosition.z
      value: 0
      objectReference: {fileID: 0}
    - target: {fileID: -4216859302048453862, guid: 46212c2f5eba6ba409b44f86db51cafd,
        type: 3}
      propertyPath: m_LocalRotation.x
      value: -0
      objectReference: {fileID: 0}
    - target: {fileID: -4216859302048453862, guid: 46212c2f5eba6ba409b44f86db51cafd,
        type: 3}
      propertyPath: m_LocalRotation.y
      value: -0
      objectReference: {fileID: 0}
    - target: {fileID: -4216859302048453862, guid: 46212c2f5eba6ba409b44f86db51cafd,
        type: 3}
      propertyPath: m_LocalRotation.z
      value: -0
      objectReference: {fileID: 0}
    - target: {fileID: -4216859302048453862, guid: 46212c2f5eba6ba409b44f86db51cafd,
        type: 3}
      propertyPath: m_LocalRotation.w
      value: 1
      objectReference: {fileID: 0}
    - target: {fileID: -4216859302048453862, guid: 46212c2f5eba6ba409b44f86db51cafd,
        type: 3}
      propertyPath: m_RootOrder
      value: 0
      objectReference: {fileID: 0}
    - target: {fileID: -4216859302048453862, guid: 46212c2f5eba6ba409b44f86db51cafd,
        type: 3}
      propertyPath: m_LocalEulerAnglesHint.x
      value: 0
      objectReference: {fileID: 0}
    - target: {fileID: -4216859302048453862, guid: 46212c2f5eba6ba409b44f86db51cafd,
        type: 3}
      propertyPath: m_LocalEulerAnglesHint.y
      value: 0
      objectReference: {fileID: 0}
    - target: {fileID: -4216859302048453862, guid: 46212c2f5eba6ba409b44f86db51cafd,
        type: 3}
      propertyPath: m_LocalEulerAnglesHint.z
      value: 0
      objectReference: {fileID: 0}
    - target: {fileID: -2416733968201007103, guid: 46212c2f5eba6ba409b44f86db51cafd,
        type: 3}
      propertyPath: m_Materials.Array.data[0]
      value: 
      objectReference: {fileID: 2100000, guid: 2821d9a5c5d6ed94c9f7281211e6c465, type: 2}
    - target: {fileID: -927199367670048503, guid: 46212c2f5eba6ba409b44f86db51cafd,
        type: 3}
      propertyPath: m_Name
      value: human_4-2
      objectReference: {fileID: 0}
    m_RemovedComponents: []
  m_SourcePrefab: {fileID: 100100000, guid: 46212c2f5eba6ba409b44f86db51cafd, type: 3}
--- !u!1001 &2017993932840135386
PrefabInstance:
  m_ObjectHideFlags: 0
  serializedVersion: 2
  m_Modification:
    m_TransformParent: {fileID: 6471949339416338472}
    m_Modifications:
    - target: {fileID: -4216859302048453862, guid: 7f9c221be90166d428294bbb4564699d,
        type: 3}
      propertyPath: m_LocalPosition.x
      value: 0
      objectReference: {fileID: 0}
    - target: {fileID: -4216859302048453862, guid: 7f9c221be90166d428294bbb4564699d,
        type: 3}
      propertyPath: m_LocalPosition.y
      value: 0
      objectReference: {fileID: 0}
    - target: {fileID: -4216859302048453862, guid: 7f9c221be90166d428294bbb4564699d,
        type: 3}
      propertyPath: m_LocalPosition.z
      value: 0
      objectReference: {fileID: 0}
    - target: {fileID: -4216859302048453862, guid: 7f9c221be90166d428294bbb4564699d,
        type: 3}
      propertyPath: m_LocalRotation.x
      value: -0
      objectReference: {fileID: 0}
    - target: {fileID: -4216859302048453862, guid: 7f9c221be90166d428294bbb4564699d,
        type: 3}
      propertyPath: m_LocalRotation.y
      value: -0
      objectReference: {fileID: 0}
    - target: {fileID: -4216859302048453862, guid: 7f9c221be90166d428294bbb4564699d,
        type: 3}
      propertyPath: m_LocalRotation.z
      value: -0
      objectReference: {fileID: 0}
    - target: {fileID: -4216859302048453862, guid: 7f9c221be90166d428294bbb4564699d,
        type: 3}
      propertyPath: m_LocalRotation.w
      value: 1
      objectReference: {fileID: 0}
    - target: {fileID: -4216859302048453862, guid: 7f9c221be90166d428294bbb4564699d,
        type: 3}
      propertyPath: m_RootOrder
      value: 0
      objectReference: {fileID: 0}
    - target: {fileID: -4216859302048453862, guid: 7f9c221be90166d428294bbb4564699d,
        type: 3}
      propertyPath: m_LocalEulerAnglesHint.x
      value: 0
      objectReference: {fileID: 0}
    - target: {fileID: -4216859302048453862, guid: 7f9c221be90166d428294bbb4564699d,
        type: 3}
      propertyPath: m_LocalEulerAnglesHint.y
      value: 0
      objectReference: {fileID: 0}
    - target: {fileID: -4216859302048453862, guid: 7f9c221be90166d428294bbb4564699d,
        type: 3}
      propertyPath: m_LocalEulerAnglesHint.z
      value: 0
      objectReference: {fileID: 0}
    - target: {fileID: -2416733968201007103, guid: 7f9c221be90166d428294bbb4564699d,
        type: 3}
      propertyPath: m_Materials.Array.data[0]
      value: 
      objectReference: {fileID: 2100000, guid: 2821d9a5c5d6ed94c9f7281211e6c465, type: 2}
    - target: {fileID: -927199367670048503, guid: 7f9c221be90166d428294bbb4564699d,
        type: 3}
      propertyPath: m_Name
      value: human_4-0
      objectReference: {fileID: 0}
    m_RemovedComponents: []
  m_SourcePrefab: {fileID: 100100000, guid: 7f9c221be90166d428294bbb4564699d, type: 3}
--- !u!1001 &2996801525804216423
PrefabInstance:
  m_ObjectHideFlags: 0
  serializedVersion: 2
  m_Modification:
    m_TransformParent: {fileID: 0}
    m_Modifications:
    - target: {fileID: 1651007799347210894, guid: d70e5335d2e622644aed7ac36aac5138,
        type: 3}
      propertyPath: m_RootOrder
      value: 5
      objectReference: {fileID: 0}
    - target: {fileID: 2089171341926705043, guid: d70e5335d2e622644aed7ac36aac5138,
        type: 3}
      propertyPath: m_Name
      value: Hero_4
      objectReference: {fileID: 0}
    - target: {fileID: 2475792151187411733, guid: d70e5335d2e622644aed7ac36aac5138,
        type: 3}
      propertyPath: m_RootOrder
      value: 0
      objectReference: {fileID: 0}
    - target: {fileID: 2475792151187411733, guid: d70e5335d2e622644aed7ac36aac5138,
        type: 3}
      propertyPath: m_LocalEulerAnglesHint.x
      value: 0
      objectReference: {fileID: 0}
    - target: {fileID: 2475792151187411733, guid: d70e5335d2e622644aed7ac36aac5138,
        type: 3}
      propertyPath: m_LocalEulerAnglesHint.y
      value: 180
      objectReference: {fileID: 0}
    - target: {fileID: 2475792151187411733, guid: d70e5335d2e622644aed7ac36aac5138,
        type: 3}
      propertyPath: m_LocalEulerAnglesHint.z
      value: 0
      objectReference: {fileID: 0}
    - target: {fileID: 3146888987491612676, guid: d70e5335d2e622644aed7ac36aac5138,
        type: 3}
      propertyPath: m_RootOrder
      value: 2
      objectReference: {fileID: 0}
    - target: {fileID: 3626098456806283375, guid: d70e5335d2e622644aed7ac36aac5138,
        type: 3}
      propertyPath: m_RootOrder
      value: 4
      objectReference: {fileID: 0}
    - target: {fileID: 4223422264385619109, guid: d70e5335d2e622644aed7ac36aac5138,
        type: 3}
      propertyPath: m_RootOrder
      value: 3
      objectReference: {fileID: 0}
    - target: {fileID: 7468968088618379407, guid: d70e5335d2e622644aed7ac36aac5138,
        type: 3}
      propertyPath: m_RootOrder
      value: 1
      objectReference: {fileID: 0}
    - target: {fileID: 8090220568497131599, guid: d70e5335d2e622644aed7ac36aac5138,
        type: 3}
      propertyPath: m_RootOrder
      value: 0
      objectReference: {fileID: 0}
    m_RemovedComponents: []
  m_SourcePrefab: {fileID: 100100000, guid: d70e5335d2e622644aed7ac36aac5138, type: 3}
--- !u!4 &6471949339416338472 stripped
Transform:
  m_CorrespondingSourceObject: {fileID: 8090220568497131599, guid: d70e5335d2e622644aed7ac36aac5138,
    type: 3}
  m_PrefabInstance: {fileID: 2996801525804216423}
  m_PrefabAsset: {fileID: 0}
--- !u!4 &5634528681729399016 stripped
Transform:
  m_CorrespondingSourceObject: {fileID: 7468968088618379407, guid: d70e5335d2e622644aed7ac36aac5138,
    type: 3}
  m_PrefabInstance: {fileID: 2996801525804216423}
  m_PrefabAsset: {fileID: 0}
--- !u!4 &161348659809486947 stripped
Transform:
  m_CorrespondingSourceObject: {fileID: 3146888987491612676, guid: d70e5335d2e622644aed7ac36aac5138,
    type: 3}
  m_PrefabInstance: {fileID: 2996801525804216423}
  m_PrefabAsset: {fileID: 0}
--- !u!4 &1372009298653541570 stripped
Transform:
  m_CorrespondingSourceObject: {fileID: 4223422264385619109, guid: d70e5335d2e622644aed7ac36aac5138,
    type: 3}
  m_PrefabInstance: {fileID: 2996801525804216423}
  m_PrefabAsset: {fileID: 0}
--- !u!4 &2000928959326283784 stripped
Transform:
  m_CorrespondingSourceObject: {fileID: 3626098456806283375, guid: d70e5335d2e622644aed7ac36aac5138,
    type: 3}
  m_PrefabInstance: {fileID: 2996801525804216423}
  m_PrefabAsset: {fileID: 0}
--- !u!4 &4575456855791622889 stripped
Transform:
  m_CorrespondingSourceObject: {fileID: 1651007799347210894, guid: d70e5335d2e622644aed7ac36aac5138,
    type: 3}
  m_PrefabInstance: {fileID: 2996801525804216423}
  m_PrefabAsset: {fileID: 0}
--- !u!1001 &5400579912799313921
PrefabInstance:
  m_ObjectHideFlags: 0
  serializedVersion: 2
  m_Modification:
    m_TransformParent: {fileID: 2000928959326283784}
    m_Modifications:
    - target: {fileID: -4216859302048453862, guid: aecbebae9e79c934e82e8593ca95f725,
        type: 3}
      propertyPath: m_LocalPosition.x
      value: 0
      objectReference: {fileID: 0}
    - target: {fileID: -4216859302048453862, guid: aecbebae9e79c934e82e8593ca95f725,
        type: 3}
      propertyPath: m_LocalPosition.y
      value: 0
      objectReference: {fileID: 0}
    - target: {fileID: -4216859302048453862, guid: aecbebae9e79c934e82e8593ca95f725,
        type: 3}
      propertyPath: m_LocalPosition.z
      value: 0
      objectReference: {fileID: 0}
    - target: {fileID: -4216859302048453862, guid: aecbebae9e79c934e82e8593ca95f725,
        type: 3}
      propertyPath: m_LocalRotation.x
      value: -0
      objectReference: {fileID: 0}
    - target: {fileID: -4216859302048453862, guid: aecbebae9e79c934e82e8593ca95f725,
        type: 3}
      propertyPath: m_LocalRotation.y
      value: -0
      objectReference: {fileID: 0}
    - target: {fileID: -4216859302048453862, guid: aecbebae9e79c934e82e8593ca95f725,
        type: 3}
      propertyPath: m_LocalRotation.z
      value: -0
      objectReference: {fileID: 0}
    - target: {fileID: -4216859302048453862, guid: aecbebae9e79c934e82e8593ca95f725,
        type: 3}
      propertyPath: m_LocalRotation.w
      value: 1
      objectReference: {fileID: 0}
    - target: {fileID: -4216859302048453862, guid: aecbebae9e79c934e82e8593ca95f725,
        type: 3}
      propertyPath: m_RootOrder
      value: 0
      objectReference: {fileID: 0}
    - target: {fileID: -4216859302048453862, guid: aecbebae9e79c934e82e8593ca95f725,
        type: 3}
      propertyPath: m_LocalEulerAnglesHint.x
      value: 0
      objectReference: {fileID: 0}
    - target: {fileID: -4216859302048453862, guid: aecbebae9e79c934e82e8593ca95f725,
        type: 3}
      propertyPath: m_LocalEulerAnglesHint.y
      value: 0
      objectReference: {fileID: 0}
    - target: {fileID: -4216859302048453862, guid: aecbebae9e79c934e82e8593ca95f725,
        type: 3}
      propertyPath: m_LocalEulerAnglesHint.z
      value: 0
      objectReference: {fileID: 0}
    - target: {fileID: -2416733968201007103, guid: aecbebae9e79c934e82e8593ca95f725,
        type: 3}
      propertyPath: m_Materials.Array.data[0]
      value: 
      objectReference: {fileID: 2100000, guid: 2821d9a5c5d6ed94c9f7281211e6c465, type: 2}
    - target: {fileID: -927199367670048503, guid: aecbebae9e79c934e82e8593ca95f725,
        type: 3}
      propertyPath: m_Name
      value: human_4-4
      objectReference: {fileID: 0}
    m_RemovedComponents: []
  m_SourcePrefab: {fileID: 100100000, guid: aecbebae9e79c934e82e8593ca95f725, type: 3}
--- !u!1001 &6468418444785220788
PrefabInstance:
  m_ObjectHideFlags: 0
  serializedVersion: 2
  m_Modification:
    m_TransformParent: {fileID: 161348659809486947}
    m_Modifications:
    - target: {fileID: -4216859302048453862, guid: 0a9dee3ee14aa574480b779df3d6e601,
        type: 3}
      propertyPath: m_LocalPosition.x
      value: 0
      objectReference: {fileID: 0}
    - target: {fileID: -4216859302048453862, guid: 0a9dee3ee14aa574480b779df3d6e601,
        type: 3}
      propertyPath: m_LocalPosition.y
      value: 0
      objectReference: {fileID: 0}
    - target: {fileID: -4216859302048453862, guid: 0a9dee3ee14aa574480b779df3d6e601,
        type: 3}
      propertyPath: m_LocalPosition.z
      value: 0
      objectReference: {fileID: 0}
    - target: {fileID: -4216859302048453862, guid: 0a9dee3ee14aa574480b779df3d6e601,
        type: 3}
      propertyPath: m_LocalRotation.x
      value: -0
      objectReference: {fileID: 0}
    - target: {fileID: -4216859302048453862, guid: 0a9dee3ee14aa574480b779df3d6e601,
        type: 3}
      propertyPath: m_LocalRotation.y
      value: -0
      objectReference: {fileID: 0}
    - target: {fileID: -4216859302048453862, guid: 0a9dee3ee14aa574480b779df3d6e601,
        type: 3}
      propertyPath: m_LocalRotation.z
      value: -0
      objectReference: {fileID: 0}
    - target: {fileID: -4216859302048453862, guid: 0a9dee3ee14aa574480b779df3d6e601,
        type: 3}
      propertyPath: m_LocalRotation.w
      value: 1
      objectReference: {fileID: 0}
    - target: {fileID: -4216859302048453862, guid: 0a9dee3ee14aa574480b779df3d6e601,
        type: 3}
      propertyPath: m_RootOrder
      value: 0
      objectReference: {fileID: 0}
    - target: {fileID: -4216859302048453862, guid: 0a9dee3ee14aa574480b779df3d6e601,
        type: 3}
      propertyPath: m_LocalEulerAnglesHint.x
      value: 0
      objectReference: {fileID: 0}
    - target: {fileID: -4216859302048453862, guid: 0a9dee3ee14aa574480b779df3d6e601,
        type: 3}
      propertyPath: m_LocalEulerAnglesHint.y
      value: 0
      objectReference: {fileID: 0}
    - target: {fileID: -4216859302048453862, guid: 0a9dee3ee14aa574480b779df3d6e601,
        type: 3}
      propertyPath: m_LocalEulerAnglesHint.z
      value: 0
      objectReference: {fileID: 0}
    - target: {fileID: -2416733968201007103, guid: 0a9dee3ee14aa574480b779df3d6e601,
        type: 3}
      propertyPath: m_Materials.Array.data[0]
      value: 
      objectReference: {fileID: 2100000, guid: 2821d9a5c5d6ed94c9f7281211e6c465, type: 2}
    - target: {fileID: -927199367670048503, guid: 0a9dee3ee14aa574480b779df3d6e601,
        type: 3}
      propertyPath: m_Name
      value: human_4-3
      objectReference: {fileID: 0}
    m_RemovedComponents: []
  m_SourcePrefab: {fileID: 100100000, guid: 0a9dee3ee14aa574480b779df3d6e601, type: 3}
--- !u!1001 &7750972407718001985
PrefabInstance:
  m_ObjectHideFlags: 0
  serializedVersion: 2
  m_Modification:
    m_TransformParent: {fileID: 1372009298653541570}
    m_Modifications:
    - target: {fileID: -4216859302048453862, guid: c1ea1ab6da371a14799f3e543cc48065,
        type: 3}
      propertyPath: m_LocalPosition.x
      value: 0
      objectReference: {fileID: 0}
    - target: {fileID: -4216859302048453862, guid: c1ea1ab6da371a14799f3e543cc48065,
        type: 3}
      propertyPath: m_LocalPosition.y
      value: 0
      objectReference: {fileID: 0}
    - target: {fileID: -4216859302048453862, guid: c1ea1ab6da371a14799f3e543cc48065,
        type: 3}
      propertyPath: m_LocalPosition.z
      value: 0
      objectReference: {fileID: 0}
    - target: {fileID: -4216859302048453862, guid: c1ea1ab6da371a14799f3e543cc48065,
        type: 3}
      propertyPath: m_LocalRotation.x
      value: -0
      objectReference: {fileID: 0}
    - target: {fileID: -4216859302048453862, guid: c1ea1ab6da371a14799f3e543cc48065,
        type: 3}
      propertyPath: m_LocalRotation.y
      value: -0
      objectReference: {fileID: 0}
    - target: {fileID: -4216859302048453862, guid: c1ea1ab6da371a14799f3e543cc48065,
        type: 3}
      propertyPath: m_LocalRotation.z
      value: -0
      objectReference: {fileID: 0}
    - target: {fileID: -4216859302048453862, guid: c1ea1ab6da371a14799f3e543cc48065,
        type: 3}
      propertyPath: m_LocalRotation.w
      value: 1
      objectReference: {fileID: 0}
    - target: {fileID: -4216859302048453862, guid: c1ea1ab6da371a14799f3e543cc48065,
        type: 3}
      propertyPath: m_RootOrder
      value: 0
      objectReference: {fileID: 0}
    - target: {fileID: -4216859302048453862, guid: c1ea1ab6da371a14799f3e543cc48065,
        type: 3}
      propertyPath: m_LocalEulerAnglesHint.x
      value: 0
      objectReference: {fileID: 0}
    - target: {fileID: -4216859302048453862, guid: c1ea1ab6da371a14799f3e543cc48065,
        type: 3}
      propertyPath: m_LocalEulerAnglesHint.y
      value: 0
      objectReference: {fileID: 0}
    - target: {fileID: -4216859302048453862, guid: c1ea1ab6da371a14799f3e543cc48065,
        type: 3}
      propertyPath: m_LocalEulerAnglesHint.z
      value: 0
      objectReference: {fileID: 0}
    - target: {fileID: -2416733968201007103, guid: c1ea1ab6da371a14799f3e543cc48065,
        type: 3}
      propertyPath: m_Materials.Array.data[0]
      value: 
      objectReference: {fileID: 2100000, guid: 2821d9a5c5d6ed94c9f7281211e6c465, type: 2}
    - target: {fileID: -927199367670048503, guid: c1ea1ab6da371a14799f3e543cc48065,
        type: 3}
      propertyPath: m_Name
      value: human_4-1
      objectReference: {fileID: 0}
    m_RemovedComponents: []
  m_SourcePrefab: {fileID: 100100000, guid: c1ea1ab6da371a14799f3e543cc48065, type: 3}
--- !u!1001 &8901039738389553123
PrefabInstance:
  m_ObjectHideFlags: 0
  serializedVersion: 2
  m_Modification:
    m_TransformParent: {fileID: 4575456855791622889}
    m_Modifications:
    - target: {fileID: -4216859302048453862, guid: 56d8308134825d744bb3478ad73fa0c8,
        type: 3}
      propertyPath: m_LocalPosition.x
      value: 0
      objectReference: {fileID: 0}
    - target: {fileID: -4216859302048453862, guid: 56d8308134825d744bb3478ad73fa0c8,
        type: 3}
      propertyPath: m_LocalPosition.y
      value: 0
      objectReference: {fileID: 0}
    - target: {fileID: -4216859302048453862, guid: 56d8308134825d744bb3478ad73fa0c8,
        type: 3}
      propertyPath: m_LocalPosition.z
      value: 0
      objectReference: {fileID: 0}
    - target: {fileID: -4216859302048453862, guid: 56d8308134825d744bb3478ad73fa0c8,
        type: 3}
      propertyPath: m_LocalRotation.x
      value: -0
      objectReference: {fileID: 0}
    - target: {fileID: -4216859302048453862, guid: 56d8308134825d744bb3478ad73fa0c8,
        type: 3}
      propertyPath: m_LocalRotation.y
      value: -0
      objectReference: {fileID: 0}
    - target: {fileID: -4216859302048453862, guid: 56d8308134825d744bb3478ad73fa0c8,
        type: 3}
      propertyPath: m_LocalRotation.z
      value: -0
      objectReference: {fileID: 0}
    - target: {fileID: -4216859302048453862, guid: 56d8308134825d744bb3478ad73fa0c8,
        type: 3}
      propertyPath: m_LocalRotation.w
      value: 1
      objectReference: {fileID: 0}
    - target: {fileID: -4216859302048453862, guid: 56d8308134825d744bb3478ad73fa0c8,
        type: 3}
      propertyPath: m_RootOrder
      value: 0
      objectReference: {fileID: 0}
    - target: {fileID: -4216859302048453862, guid: 56d8308134825d744bb3478ad73fa0c8,
        type: 3}
      propertyPath: m_LocalEulerAnglesHint.x
      value: 0
      objectReference: {fileID: 0}
    - target: {fileID: -4216859302048453862, guid: 56d8308134825d744bb3478ad73fa0c8,
        type: 3}
      propertyPath: m_LocalEulerAnglesHint.y
      value: 0
      objectReference: {fileID: 0}
    - target: {fileID: -4216859302048453862, guid: 56d8308134825d744bb3478ad73fa0c8,
        type: 3}
      propertyPath: m_LocalEulerAnglesHint.z
      value: 0
      objectReference: {fileID: 0}
    - target: {fileID: -2416733968201007103, guid: 56d8308134825d744bb3478ad73fa0c8,
        type: 3}
      propertyPath: m_Materials.Array.data[0]
      value: 
      objectReference: {fileID: 2100000, guid: 2821d9a5c5d6ed94c9f7281211e6c465, type: 2}
    - target: {fileID: -927199367670048503, guid: 56d8308134825d744bb3478ad73fa0c8,
        type: 3}
      propertyPath: m_Name
      value: human_4-5
      objectReference: {fileID: 0}
    m_RemovedComponents: []
  m_SourcePrefab: {fileID: 100100000, guid: 56d8308134825d744bb3478ad73fa0c8, type: 3}
